2023 3091
544 149 596 189 90

430 214 634 258 Alienum
665 229 729 255 me
763 210 921 254 Caesar
934 207 1129 259 fecisset3
1160 216 1377 266 tamqnam
1408 204 1540 248 levem
1571 215 1613 248 et
1642 209 1836 252 insanum
1863 225 1944 270 po-

428 301 570 344 tuisset
598 315 663 340 me
688 304 964 338 contemmere.
985 287 1102 346 Quid
1129 292 1246 332 sime
1269 292 1346 342 vir,
1376 288 1478 330 dum
1508 292 1663 332 scrinia
1689 305 1844 348 versat,
1874 295 1944 337 la-

427 395 583 427 tentem
611 374 857 423 invenisset!
887 371 1028 416 Saeva
1062 385 1123 416 est
1149 374 1225 417 lex
1244 373 1368 415 Julia
1399 373 1594 415 moechis.
1625 372 1772 435 Exigit
1801 388 1945 422 tamen

423 468 548 512 dolor
569 463 708 507 mariti
737 461 920 520 majores
936 474 1103 519 poenas
1122 475 1253 519 quam
1277 459 1352 501 lex
1373 457 1411 500 J
1409 458 1497 501 ulia
1522 462 1782 503 concesserit.
1803 461 1945 507 Necat

424 554 490 595 hic
510 553 655 606 ferro,
685 557 813 588 necat
840 544 910 588 ille
943 547 1124 588 cruentis
1155 545 1422 600 verbenbus5
1452 544 1661 605 quosdam
1691 546 1875 590 moechos
1905 559 1948 592 et

423 632 581 693 mugilis
607 641 744 674 necat.
771 629 860 675 Sed
876 640 1071 688 putemus
1102 633 1235 673 virum
1263 632 1498 690 pepercisse
1517 633 1626 674 vitae
1644 647 1784 685 meae,
1803 647 1945 676 nonne

422 734 485 760 me
516 718 561 759 in
602 715 770 759 vincula
809 716 1071 775 conjecisset,
1116 725 1193 756 aut
1222 716 1426 770 irfiimem
1458 713 1636 758 Caesari
1666 715 1946 759 tradidisset?

420 801 626 844 Dicamus
655 810 697 842 et
726 798 836 842 illius
867 816 933 843 me
959 799 1156 842 manibus
1195 799 1373 858 effugere
1400 802 1614 858 potuisse,
1641 802 1743 860 quia
1774 802 1944 844 inermis

419 896 532 940 erat,
554 884 737 943 miliique
746 882 870 942 sidus
890 886 998 926 ensis
1019 883 1225 926 haerebat
1249 883 1384 926 lateri.
1407 881 1474 925 At
1504 886 1567 926 vir
1592 887 1814 927 comitatus
1835 896 1947 939 erat,

420 983 463 1014 et
491 986 615 1013 arma
646 986 706 1012 ex
727 971 890 1028 pariete
914 967 1162 1027 pendebant
1191 979 1320 1027 captu
1334 969 1510 1024 facilia.
1542 968 1600 1012 In
1630 969 1757 1013 domo
1799 970 1947 1032 longus

402 1056 676 1113 fizmulorum
700 1053 825 1108 ordo5
855 1053 1061 1096 clamores
1093 1067 1199 1094 mox
1238 1053 1529 1109 invaluissent,
1561 1066 1603 1102 et
1632 1058 1742 1098 ostia
1758 1056 1950 1112 fitissent

419 1142 579 1185 clausa.
614 1139 727 1183 Tum
750 1138 803 1182 de
836 1156 901 1182 me
933 1137 1183 1198 supplicium
1212 1149 1423 1198 sumptum
1439 1141 1611 1195 fuisset.
1644 1140 1747 1184 Ileu
1779 1157 1845 1184 me
1876 1140 1946 1184 de·

419 1226 621 1270 mentem!
635 1224 775 1268 Nulla
797 1240 862 1266 me
881 1222 1108 1282 prudentia
1130 1222 1324 1266 liberavit
1348 1223 1428 1265 hoe
1449 1222 1707 1278 discrimine,
1727 1224 1804 1268 sed
1826 1242 1948 1268 casus

419 1322 597 1354 tantum.
634 1308 752 1366 Quid
781 1309 936 1350 casus?
967 1305 1106 1348 Immo
1139 1317 1181 1349 et
1207 1318 1449 1365 promptum
1470 1310 1683 1367 ingenium
1713 1307 1948 1366 Lucretiae.

425 1395 467 1438 O
486 1394 626 1452 fidam
641 1393 908 1451 foeminam!
943 1390 984 1434 Ο
1015 1394 1262 1434 amatricem
1289 1391 1562 1451 prudentem!
1596 1391 1638 1436 Ο
1676 1395 1879 1453 insignem
1909 1405 1951 1438 et

419 1480 725 1524 nobilissimum
762 1478 977 1521 amorem!
1025 1477 1110 1521 Cur
1151 1494 1216 1520 me
1255 1477 1332 1520 tibi
1360 1493 1449 1520 non
1480 1477 1684 1521 credam?
1717 1477 1802 1522 Cur
1832 1489 1952 1521 tuam.

420 1582 508 1609 non
537 1581 692 1626 sequar
705 1563 880 1622 sidem?
912 1562 1033 1605 Mille
1065 1563 1169 1605 milii
1198 1566 1234 1605 si
1273 1565 1408 1605 assint
1438 1566 1614 1606 cervices
1648 1564 1724 1606 tibi
1755 1567 1948 1607 commit-

421 1662 522 1693 tam.
557 1649 602 1692 T
599 1667 626 1692 u
646 1649 788 1708 fidelis
819 1666 882 1702 es,
907 1660 950 1690 tu
973 1659 1121 1701 cauta,
1151 1659 1195 1690 tu
1224 1647 1431 1707 prudens;
1453 1651 1533 1691 scis
1564 1665 1712 1692 amare
1737 1660 1777 1691 et
1797 1666 1951 1692 aman-

419 1745 504 1778 tem
533 1737 652 1777 tueri.
688 1732 793 1790 Quis
835 1744 924 1775 tam
969 1736 1050 1775 cito
1083 1735 1325 1792 excogitare
1361 1735 1566 1792 potuisset
1605 1736 1734 1787 viam,
1765 1749 1852 1793 qua
1883 1750 1950 1776 me

418 1830 669 1879 quaerentes
700 1827 925 1869 averteret,
957 1827 1002 1858 ut
1022 1827 1066 1858 tu
1087 1818 1181 1876 ipsa
1212 1817 1434 1876 cogitasti?
1459 1816 1526 1859 Tu
1555 1818 1659 1859 mihi
1688 1818 1800 1860 hanc
1822 1820 1950 1860 vitam·

418 1906 610 1956 servasti,
641 1901 836 1945 eamdem
867 1901 944 1944 tibi
967 1901 1165 1945 devoveo.
1191 1901 1297 1944 Non.
1322 1918 1480 1955 meum,
1503 1901 1581 1944 sed
1606 1913 1722 1944 tuum
1743 1913 1806 1945 est
1835 1901 1954 1963 quod

419 1990 545 2047 spiro.
592 1987 698 2029 Non
737 1989 816 2029 erit
846 1985 950 2027 mihi
979 1985 1133 2028 durum
1175 1985 1352 2046 perdere
1380 1996 1558 2046 propter
1586 1997 1625 2028 te
1651 1985 1770 2046 quod
1802 2002 1882 2045 per
1911 1997 1950 2029 te

421 2082 555 2113 teneo.
591 2071 658 2113 Tu
683 2074 792 2114 vitae
832 2086 953 2113 meae
985 2071 1059 2130 jus
1090 2069 1243 2124 habes,
1274 2081 1319 2112 tu
1361 2071 1476 2112 necis
1506 2071 1739 2129 imperium.
1774 2068 1815 2112 O
1845 2086 1949 2112 can-

421 2154 567 2198 didum
589 2166 754 2214 pectus,
784 2170 809 2197 o
832 2154 997 2198 dulcem
1028 2154 1232 2215 linguam,
1263 2170 1288 2196 o
1320 2171 1468 2197 suaves
1493 2153 1655 2206 oculos,
1685 2169 1711 2196 o
1738 2156 1951 2213 ingenium

423 2239 568 2293 velox,
592 2255 617 2282 o
650 2239 839 2282 membra
872 2255 1113 2282 marmorea
1138 2241 1330 2299 succique
1360 2239 1519 2299 plena!
1554 2236 1741 2295 Quando
1774 2254 1848 2298 ego
1878 2253 1951 2281 vos

424 2324 626 2368 revisam?
650 2323 823 2384 quando
856 2326 1005 2366 iterum
1036 2323 1246 2367 corallina
1268 2323 1387 2366 labia
1408 2321 1644 2366 mordebo?
1664 2321 1838 2383 quando
1872 2333 1952 2365 tre-

423 2408 583 2450 mulam
611 2407 800 2467 linguam
830 2411 895 2449 ori
923 2424 1016 2451 meo
1049 2411 1438 2450 immurmurantem
1459 2406 1599 2450 denuo
1622 2407 1829 2450 sentiam?
1861 2405 1952 2448 Pa-

420 2493 547 2551 pillas
579 2509 631 2535 ne
678 2509 865 2552 unquam
911 2493 1006 2535 illas
1038 2493 1311 2536 retractabo?
1353 2492 1516 2534 Parum
1550 2501 1646 2544 est,
1675 2491 1801 2544 Nise,
1835 2489 1954 2550 quod

422 2581 465 2620 in
496 2578 576 2620 hac
603 2577 772 2621 muliere
805 2577 954 2619 vidisti.
991 2577 1086 2634 Quo
1117 2581 1294 2638 propior
1327 2588 1388 2621 est
1403 2579 1625 2635 Jeemina,
1645 2592 1694 2619 eo
1711 2578 1952 2632 formosior

423 2674 495 2704 est.
543 2662 717 2704 Utinam.
749 2678 836 2704 una
881 2677 1042 2704 mecum
1069 2663 1266 2718 ficisses!
1297 2663 1390 2705 Nec
1434 2673 1521 2704 tam
1554 2659 1806 2714 candaulis,
1845 2661 1949 2719 regis

424 2745 608 2803 Libyae,
622 2749 814 2798 formosa
834 2761 947 2788 uxor
961 2748 1056 2803 ficit
1084 2763 1215 2805 quam
1246 2748 1326 2790 ista
1347 2757 1420 2790 est.
1442 2745 1546 2789 Non
1572 2747 1702 2788 miror
1725 2744 1843 2787 illum
1874 2758 1947 2786 vo·
