2023 3091
525 163 603 204 118

387 246 571 299 fractu-5,
599 260 675 288 nec
703 239 914 301 gestandis
946 235 1142 279 oneribus
1173 253 1265 280 sum
1298 236 1484 278 idoneus.
1516 234 1613 278 Aut
1638 247 1681 280 tu
1711 238 1805 280 leva
1835 248 1910 280 aut

395 332 495 372 sine.
509 328 690 379 -Valae,
715 326 816 366 satis
831 333 905 378 est7
917 323 1116 382 —inquit
1132 320 1438 382 Agamemnon,
1458 319 1761 380 dormitumque
1779 325 1909 364 cessit.

458 412 567 456 Tum
610 406 836 451 Eurialus:
867 404 1060 448 Manebo
1100 405 1165 448 hic
1199 405 1338 448 aclltuc
1376 404 1526 446 horam
1543 436 1559 457 ,
1591 405 1685 457 ait,
1727 406 1763 446 si
1790 407 1911 460 forte

394 500 544 558 aliquis
574 494 810 552 adaperiat.
829 517 887 525 -—
905 491 949 534 T
945 490 1130 535 aedebat
1156 492 1310 534 Nisum
1332 506 1495 543 morae,
1521 493 1751 549 tacitusque
1779 490 1909 533 male-

393 579 558 622 dicebat
602 575 804 629 Eurialo,
848 578 923 636 qui
963 593 1006 618 se
1045 587 1134 617 tam
1173 574 1246 617 diu
1293 578 1488 618 retineret
1527 576 1773 616 insomnem.
1821 573 1913 616 Nec

392 663 462 704 diu
492 676 688 702 mansum
718 671 798 714 est,
828 676 923 702 cum
959 675 1038 718 per
1082 658 1278 701 rimulam
1320 661 1408 701 visa
1441 669 1503 700 est
1533 656 1732 699 Lucretia
1760 671 1914 714 parum

390 744 493 805 quid
523 744 689 787 luminis
733 761 872 788 secum
913 747 1069 797 ferens.
1107 743 1268 786 Versus
1316 760 1446 803 quam
1475 757 1652 802 pergens
1685 739 1916 783 Eurialus:

391 828 515 873 Salve
537 832 596 871 mi
624 832 784 882 anime,
805 828 1021 883 Lucretia,
1043 829 1167 871 dixit.
1184 827 1318 870 —At
1333 827 1408 870 illa
1429 829 1635 870 exterrita
1650 828 1804 886 sugere
1833 827 1917 885 pri-

389 931 504 956 mum
520 913 659 957 voluit.
676 912 850 956 Exinde
882 916 1143 972 recogitans:
1166 911 1273 969 Quis
1305 923 1350 954 tu
1374 929 1418 955 es
1437 912 1529 954 vir?
1559 914 1633 953 ait.
1647 909 1915 952 —Eurialus

391 1008 503 1051 tuus,
531 1000 667 1058 inquit
697 995 910 1039 Eurialus.
932 995 1073 1056 Aperi
1107 1012 1202 1038 mea
1227 979 1464 1056 voluptasJ
1473 998 1566 1056 jam
1593 993 1779 1037 mediam
1811 1009 1916 1036 noc-

391 1092 474 1125 tem
489 1082 554 1125 hic
570 1092 608 1125 te
630 1084 838 1141 opperior.
852 1079 1108 1140 —Agnovit
1127 1079 1323 1122 Lucretia
1345 1096 1506 1134 vocem;
1527 1078 1603 1122 sed
1627 1083 1728 1139 quia
1744 1076 1918 1120 simula-

391 1169 547 1210 tionem
578 1166 771 1219 timebat,
800 1181 887 1219 non
917 1167 1034 1224 prius
1055 1180 1163 1206 ausa
1184 1174 1247 1206 est
1270 1166 1435 1223 aperire
1466 1180 1597 1224 quam
1618 1173 1780 1206 secreta
1811 1164 1921 1204 inter

393 1269 436 1295 se
469 1263 558 1294 tam
582 1262 686 1295 nota
714 1253 960 1310 perceperit.
993 1249 1104 1292 Post
1133 1249 1238 1292 haec
1270 1265 1423 1308 magno
1456 1248 1603 1292 labore
1635 1264 1751 1291 seras
1784 1263 1919 1290 remo-

393 1339 460 1379 vit.
477 1335 567 1380 Sed
583 1339 682 1396 quia
713 1335 899 1395 plurima
914 1337 1189 1392 ferramenta
1205 1337 1331 1391 fhres
1357 1333 1616 1386 retinebant,
1640 1348 1750 1392 quae
1767 1348 1919 1374 manus

381 1423 605 1477 fhcminae
633 1421 744 1470 ferre
776 1435 864 1461 non
893 1429 1081 1478 poterat,
1112 1418 1173 1461 ad
1202 1417 1425 1478 semipedis
1466 1417 1699 1459 dumtaxat
1719 1418 1921 1476 amplitu-

393 1503 536 1547 dinem
566 1507 717 1546 ostium
746 1506 897 1562 patuit.
914 1503 1009 1545 Nec
1026 1503 1124 1555 Ῐιοε,
1139 1504 1201 1544 ait
1232 1501 1453 1554 Eurinlus,
1483 1501 1671 1543 obstabit
1686 1518 1703 1556 ,⁰
1724 1527 1780 1533 —
1796 1510 1919 1542 exte-

395 1604 615 1648 nuansque
635 1604 755 1630 suum
780 1602 931 1645 corpus
948 1602 1027 1645 per
1050 1585 1272 1628 dexterum
1299 1585 1428 1637 lutus,
1449 1588 1562 1627 intra
1588 1602 1631 1628 se
1652 1601 1696 1627 se
1719 1586 1922 1644 conjecit,

396 1672 691 1731 mulieremque
717 1671 902 1713 mediam
929 1670 1203 1729 amplexatus
1227 1680 1300 1712 est.
1327 1669 1457 1711 Nisus
1487 1679 1614 1710 extra
1655 1671 1700 1710 in
1730 1668 1921 1710 excubiis

395 1759 561 1800 mansit.
598 1754 709 1797 Tum
746 1753 945 1797 Lucretia
989 1755 1072 1796 sive
1105 1755 1251 1794 timore
1285 1754 1414 1794 nimio
1453 1754 1536 1794 sive
1572 1751 1730 1811 gaudio
1763 1754 1918 1794 exani-

397 1852 534 1893 mata,
548 1842 657 1882 inter
671 1837 839 1880 Eur-lali
852 1836 1048 1895 deficiens
1064 1837 1261 1889 brachia,
1278 1835 1445 1895 pallida
1455 1837 1588 1892 fizcta
1604 1847 1677 1878 est.
1696 1835 1753 1877 Et
1768 1838 1921 1878 amisso

397 1925 521 1968 verbo
554 1935 595 1966 et
625 1922 755 1965 oculis
787 1921 961 1976 clausis,
993 1937 1073 1981 per
1109 1923 1254 1963 omnia
1279 1919 1424 1962 similis
1449 1931 1641 1963 mortuae
1673 1919 1924 1974 videbatur,

397 2012 478 2052 nisi
504 2008 623 2069 quod
645 2007 784 2050 adlcuc
806 2006 926 2049 calor
949 2005 1176 2066 pulsusque
1206 2004 1421 2048 manebat.
1450 2003 1695 2048 Exterritus
1722 2003 1922 2046 Eurialus

398 2093 535 2136 subito
574 2109 675 2135 casu
706 2091 811 2151 quid
830 2101 972 2152 ageret
996 2090 1236 2134 nesciebat:
1266 2105 1509 2149 secumque,
1534 2088 1583 2132 Si
1612 2089 1741 2142 abeo,
1772 2091 1925 2148 inquit,

398 2180 541 2219 mortis
573 2193 664 2218 sum
695 2192 808 2231 reus,
831 2179 905 2236 qui
917 2177 1164 2233 foeminam
1185 2177 1227 2217 in
1255 2184 1373 2216 tanto
1397 2172 1636 2216 discrimine
1657 2171 1923 2215 deseruerim.

400 2260 449 2305 Si
477 2277 629 2303 maneo
662 2263 907 2304 interveniet
927 2259 1228 2320 Agamemnon
1250 2269 1326 2301 aut
1351 2258 1460 2300 alius
1485 2273 1545 2301 ex
1559 2256 1760 2314 familia,
1784 2267 1825 2299 et
1849 2272 1923 2316 ego

397 2346 558 2406 peribo.
585 2344 686 2387 IIeu
711 2360 834 2387 amor
863 2345 1033 2400 itffelix,
1057 2347 1130 2404 qui
1158 2344 1253 2404 plus
1284 2342 1408 2399 fellis
1448 2358 1579 2403 quam
1603 2341 1737 2385 mellis
1767 2340 1927 2384 habes!

399 2431 506 2474 Non
534 2442 620 2473 tam
644 2429 918 2487 absynthium
949 2440 1009 2472 est
1036 2445 1233 2472 amarum
1261 2445 1391 2489 quam
1417 2439 1474 2470 tu.
1510 2426 1624 2484 Quot
1647 2444 1712 2470 me
1739 2428 1835 2486 J'am
1859 2425 1925 2468 di-

399 2514 661 2559 scriminibus
693 2513 917 2573 objecisti?
964 2513 1081 2570 Quot
1119 2513 1322 2557 mortibus
1361 2528 1499 2556 meum
1535 2523 1665 2572 caput
1693 2511 1925 2554 devovisti?

400 2599 500 2643 Iloc
520 2615 631 2642 nunc
663 2598 870 2651 restabat,
899 2601 999 2641 meis
1025 2601 1069 2640 in
1095 2598 1278 2641 brachiis
1304 2608 1349 2640 ut
1353 2599 1603 2654 foeminam
1625 2595 1925 2640 exanimares?

401 2685 487 2726 Cur
515 2700 603 2727 non
627 2700 692 2726 me
720 2685 861 2742 potius
892 2684 1168 2725 interemisti?
1196 2681 1281 2726 Cur
1304 2697 1391 2725 non
1415 2698 1480 2724 me
1503 2680 1694 2724 leonibus
1715 2679 1926 2741 objecisti?

404 2768 503 2811 Heu
534 2786 664 2828 qcutm
697 2768 921 2827 optabilius
952 2780 1044 2810 erat
1076 2772 1118 2811 in
1150 2769 1273 2828 hujus
1305 2785 1369 2812 me
1399 2771 1539 2826 potius
1576 2769 1762 2827 gremio,
1799 2782 1926 2826 quam

402 2843 525 2884 istam
558 2846 599 2884 in
633 2859 723 2885 meo
765 2847 857 2885 sinu
905 2840 1131 2896 cltyecisse!
1153 2867 1210 2875 ——
