2023 3091
462 136 548 180 226

340 222 526 284 indata,
561 230 741 287 quanto
777 220 857 284 poi
889 218 1062 264 saresti
1094 218 1377 283 vituperata.
1412 217 1495 264 Ma
1518 217 1738 282 poniamo
1773 218 1865 267 l'o-

338 332 455 362 nore
481 313 539 361 da
563 320 716 361 canto.
742 310 810 358 Se
835 316 888 355 tu
913 327 972 356 ne
997 309 1174 356 venissi
1198 324 1331 356 meco
1351 307 1626 356 facilmente
1644 308 1866 373 perderei

339 413 461 452 tutta
485 404 530 451 13
556 403 716 468 grazia
741 399 828 447 che
853 399 915 446 ho
941 400 1207 463 aequistata
1231 415 1321 446 eon
1346 397 1393 445 lo
1418 399 1735 462 imperatore,
1765 417 1790 447 3
1815 416 1866 448 se

335 499 381 544 io
407 496 435 543 l'
451 492 800 543 abbandonassi
822 508 920 539 non
945 493 982 538 ti
1007 492 1167 556 potrei
1192 497 1359 538 tenere
1383 507 1517 538 come
1542 497 1593 537 tu
1618 492 1792 538 meriti.
1822 492 1866 538 E

334 605 386 636 se
413 595 463 633 tu
488 583 696 649 segnissi
720 600 855 631 meco
873 582 921 630 la
934 589 1086 642 corte,
1100 598 1197 630 non
1221 588 1489 646 potremmo
1513 598 1654 630 avere
1668 582 1866 630 insieme

334 693 428 725 una
451 692 537 724 ora
559 674 609 722 di
639 676 831 740 riposo:
872 675 990 741 ogni
1021 676 1196 740 giorno
1227 674 1269 721 si
1297 681 1429 721 muta
1452 671 1488 720 il
1512 689 1707 738 eampo,
1741 672 1866 722 onde

332 786 382 816 se
408 768 454 815 io
477 768 518 814 ti
540 767 751 814 menassi
774 783 861 814 ora
882 783 971 831 per
996 764 1091 832 quii
1114 782 1200 813 ora
1222 783 1309 830 per
1334 763 1401 825 13,
1425 782 1451 812 3
1477 781 1609 812 come
1634 780 1729 811 una
1751 763 1868 829 pul)-

331 858 456 906 bliea
480 858 660 906 femina
683 857 734 904 in
759 873 926 922 eampo
950 858 988 904 ti
1013 856 1215 917 tenessi‚
1239 854 1491 904 considera
1514 854 1600 903 ehe
1625 871 1774 903 onore
1798 872 1867 902 sa-

330 949 478 998 rebbe
497 947 532 997 11
547 957 730 998 nostro.
744 950 845 997 Per
865 949 1025 1014 questi
1043 949 1235 1012 rispetti
1254 946 1493 1013 adunque,
1506 948 1742 995 Lucrezia
1755 948 1865 1008 mia,

329 1041 491 1090 lievati
515 1049 687 1107 questa
713 1041 921 1088 fantasia
944 1057 970 1088 e
995 1039 1186 1104 seguita
1202 1038 1240 1086 il
1256 1040 1352 1086 mio
1371 1038 1620 1104 eousiglio.
1639 1039 1719 1087 Un
1738 1037 1864 1086 altro

330 1141 519 1182 amante
545 1133 679 1181 forse
708 1134 746 1180 ti
770 1128 1157 1197 persuaderebhe
1181 1129 1445 1177 altrimenti
1467 1147 1553 1194 per
1576 1130 1756 1196 poterti
1780 1146 1864 1195 go-

330 1224 444 1273 dere
467 1225 552 1290 pih
575 1224 912 1290 longamente‚
943 1238 1040 1269 non
1071 1220 1421 1269 considerando
1451 1220 1545 1267 3113
1573 1220 1738 1268 sutura
1755 1238 1864 1269 ver-

330 1331 491 1382 gogna
527 1335 615 1382 per
653 1317 878 1364 satisfare
920 1315 966 1364 31
993 1317 1154 1381 piaeer
1184 1321 1424 1379 presente.
1457 1314 1542 1360 Ma
1576 1314 1731 1362 eostui
1767 1330 1864 1360 non

329 1406 533 1455 sat-ebbe
560 1424 677 1455 vero
703 1415 905 1454 amante.
928 1406 974 1453 11
997 1405 1174 1471 perche
1199 1407 1246 1452 io
1271 1406 1308 1452 ti
1332 1406 1502 1470 priego
1527 1402 1614 1452 che
1645 1411 1697 1451 tu
1726 1405 1764 1451 ti
1799 1402 1865 1451 di·

327 1516 514 1565 spongo
533 1515 667 1546 esser
691 1504 917 1545 contenta
940 1497 1218 1560 aspettarmi
1237 1498 1338 1561 qui,
1356 1498 1453 1544 vita
1467 1513 1493 1543 e
1511 1513 1595 1543 eor
1613 1495 1725 1556 mio,
1745 1512 1770 1543 e
1788 1502 1863 1542 sta

327 1590 488 1637 sieura
513 1607 539 1636 e
564 1595 696 1636 certa
719 1587 806 1635 31ι3
826 1588 872 1635 10
893 1587 1089 1634 tornero
1108 1593 1290 1651 presto,
1303 1585 1390 1634 che
1409 1588 1563 1651 prima
1581 1587 1742 1634 vorrei
1760 1603 1861 1635 mo-

327 1681 426 1727 rire
451 1679 538 1727 31ι3
563 1677 926 1726 abbandonarti.
951 1677 1040 1725 Sta
1064 1693 1178 1724 sana
1201 1695 1227 1724 3
1260 1695 1357 1725 non
1381 1675 1579 1725 credere
1609 1676 1741 1725 che'l
1765 1678 1861 1725 mio

327 1771 472 1818 fuoeo
496 1772 567 1817 sia
585 1771 773 1817 minore
798 1767 870 1816 ch'
885 1768 931 1816 31
950 1775 1051 1830 tuo,
1071 1767 1292 1816 doleezza
1314 1769 1436 1829 mia,
1461 1776 1510 1816 et
1533 1770 1677 1817 unico
1704 1770 1860 1816 nutri·

327 1868 489 1910 mento
512 1860 560 1908 di
584 1862 679 1908 mia
702 1861 814 1909 vita.

395 2044 549 2090 Restb
584 2044 802 2107 paziente
837 2059 864 2088 3
894 2049 1062 2108 questa
1092 2043 1301 2107 risposta
1327 2042 1591 2102 Luerezia,
1621 2059 1647 2088 3
1673 2043 1858 2107 rispose

329 2134 424 2180 3113
460 2142 648 2181 amante
684 2150 846 2180 essere
889 2131 1104 2198 disposta
1145 2133 1338 2198 seguire
1382 2132 1414 2179 11
1458 2151 1545 2180 suo
1587 2132 1857 2198 consiglio‚

329 2223 511 2289 purch&
547 2241 637 2271 con
674 2231 920 2288 prestezza
950 2230 1200 2284 tornasse,
1226 2223 1402 2288 perche
1428 2222 1659 2270 tardando
1684 2231 1858 2288 troppo

326 2331 425 2362 non
448 2313 680 2379 potrebbe
706 2315 934 2361 resistere
957 2331 984 2361 3
1008 2321 1204 2379 potente
1234 2321 1284 2362 et
1317 2313 1489 2362 acerbo
1515 2313 1694 2362 dolore.
1718 2313 1762 2360 E
1786 2330 1858 2362 co-

326 2423 401 2452 me
439 2422 607 2470 spesso
645 2407 896 2471 veffgiamo
921 2406 1008 2454 ohe
1033 2406 1080 2453 lo
1109 2423 1269 2454 amore
1304 2406 1354 2453 fa
1389 2406 1654 2471 gl'ingegni
1695 2407 1857 2466 acuti,

325 2498 562 2544 Luerezia
601 2499 651 2544 in
686 2505 856 2563 questa
891 2500 1114 2562 passione
1145 2500 1185 2545 si
1220 2498 1373 2562 provi)
1403 2496 1451 2544 di
1479 2514 1730 2562 comporre
1760 2514 1856 2544 uno

326 2596 517 2637 sonetto
541 2588 587 2635 31
612 2605 699 2636 suo
719 2591 988 2653 proposito,
1008 2607 1033 2637 e
1053 2589 1343 2655 venendogli
1363 2589 1483 2636 fatto
1502 2588 1549 2635 lo
1570 2586 1741 2635 mando
1761 2587 1856 2636 allo

326 2687 513 2729 amante
537 2698 627 2728 eon
652 2680 696 2729 13
722 2682 1034 2747 sopra-scritta
1053 2684 1276 2748 risposta.
1293 2681 1357 2732 ΕΙ
1381 2690 1547 2730 tenore
1572 2681 1597 2728 ὸ
1621 2686 1810 2746 questo:
