2023 3091
564 184 630 224 66⁷
661 186 696 219 -‘5

451 277 643 309 caeterae,
684 280 826 307 ommes
868 268 989 302 erunt
1024 256 1122 300 odio
1165 258 1277 301 mihi.
1324 257 1438 314 Quin
1466 261 1605 316 potius
1636 259 1725 302 alia
1756 277 1968 303 sumamus

451 349 676 409 exempla?
704 344 851 402 Qualis
873 356 996 382 umor
1016 339 1203 384 Antonii
1227 341 1563 401 Cleopatraeque
1582 342 1694 398 suit,
1724 356 1766 387 et
1787 345 1966 387 aliorum

449 451 553 495 quos
585 430 781 491 epistolae
814 426 996 469 brevitas
1026 427 1179 480 referre
1211 443 1298 469 non
1328 428 1438 469 sinit.
1471 423 1559 468 Sed
1594 437 1638 468 tu
1677 425 1872 472 Ovidium
1903 429 1966 471 le.-

445 522 556 579 gisd,
585 514 854 572 invenistique
882 523 979 571 post
1017 510 1060 553 T
1056 513 1194 571 rojam
1231 510 1444 570 direptam
1475 509 1739 554 Achivorum
1765 512 1966 572 plurimos

449 602 548 644 dum
579 606 788 649 remeant,
817 598 1046 656 peregrinis
1079 606 1260 638 retentos
1291 594 1523 648 amoribus,
1553 611 1783 655 numquam
1813 598 1858 638 in
1884 613 1968 655 pa-

449 687 569 727 triam
589 683 816 724 revertisse.
843 681 1092 724 Haeserunt
1110 696 1294 741 namque
1316 679 1590 723 amatricibus
1611 681 1714 734 suis,
1743 695 1968 741 carereque

441 770 582 828 potius
613 769 876 821 necessariis,
911 769 1064 827 regnis,
1102 765 1228 809 domo
1272 777 1315 810 et
1352 765 1447 808 aliis
1486 781 1596 826 quae
1627 776 1724 808 sunt
1755 767 1799 808 in
1825 768 1969 825 patria

444 855 642 913 cuiquam
655 853 896 911 gratissima
916 851 1151 909 voluerunt,
1174 867 1304 911 quam
1325 853 1485 894 amicas
1513 849 1761 910 relinquere.
1783 850 1909 893 Haec
1930 861 1969 893 te

444 953 565 998 rogo,
595 938 654 978 mi
681 934 900 989 Lucretia,
929 937 1105 995 cogites,
1150 951 1238 978 non
1268 934 1344 977 illa
1384 951 1494 994 quae
1535 945 1677 977 nostro
1709 945 1806 977 sunt
1834 938 1970 976 amori

445 1023 627 1068 adversa
660 1033 701 1065 et
732 1037 843 1082 quae
871 1023 1003 1080 pauci
1028 1021 1231 1072 fecerunt.

506 1107 597 1167 Ego
630 1123 683 1150 ea
714 1117 853 1149 mente
886 1115 925 1147 te
955 1118 1110 1164 sequor
1140 1113 1185 1145 ut
1211 1113 1413 1162 perpetuo
1441 1115 1480 1146 te
1505 1120 1663 1157 amem,
1683 1106 1841 1163 simque
1867 1119 1968 1162 perfl—

443 1205 572 1253 petuo
605 1203 714 1234 tuus.
736 1191 831 1233 Nec
859 1201 902 1232 tu
928 1206 993 1232 me
1013 1190 1281 1248 peregrinum
1306 1185 1492 1241 clixeris3
1512 1190 1642 1246 magis
1663 1204 1848 1249 namque
1873 1191 1969 1231 civis

448 1295 541 1321 sum
557 1293 688 1337 quam
705 1277 778 1336 qui
802 1276 868 1318 hic
901 1277 1090 1317 nascitur
1106 1272 1230 1316 ,Eum
1246 1287 1429 1332 namque
1456 1287 1577 1314 casus
1585 1274 1703 1328 facit
1731 1275 1880 1327 civem,
1905 1290 1970 1314 me

446 1377 542 1405 vero
575 1361 735 1404 electio.
765 1357 904 1400 Nulla
935 1358 1037 1399 milii
1065 1359 1210 1416 patria
1239 1359 1334 1409 erit,
1364 1358 1446 1398 nisi
1477 1355 1550 1398 ubi
1580 1366 1624 1398 tu
1647 1358 1716 1398 sis.
1737 1355 1798 1398 Et
1825 1372 1971 1416 quam-

446 1449 505 1490 vis
536 1448 751 1504 contingat
781 1443 938 1486 abhinc
970 1459 1035 1485 me
1067 1440 1299 1502 aliquando
1333 1441 1470 1495 abire,
1495 1441 1651 1484 reditus
1681 1452 1822 1484 tamen
1839 1443 1969 1497 festi-

447 1547 525 1573 nus
557 1532 647 1572 erit.
680 1527 774 1570 Nec
807 1543 882 1586 ego
915 1529 958 1568 in
994 1525 1038 1566 Τ
1035 1528 1248 1568 eutonium
1284 1536 1469 1568 revertar
1505 1527 1586 1567 nisi
1613 1540 1677 1567 res
1709 1541 1826 1567 meas
1856 1542 1970 1568 com-

444 1617 656 1674 positurus
688 1611 1067 1670 ordinaturusque,
1092 1620 1136 1651 ut
1167 1620 1302 1652 tecum
1332 1625 1421 1651 esse
1451 1608 1657 1668 quamdiu
1683 1612 1855 1668 possim.
1877 1609 1968 1651 Ρα-ι

447 1699 524 1742 eile
556 1696 760 1740 manendi
802 1694 921 1754 apud
950 1706 988 1738 te
1035 1697 1262 1754 reperietur
1303 1695 1483 1736 occasio.
1518 1692 1664 1735 Malta
1693 1693 1755 1735 his
1786 1696 1830 1736 in
1870 1708 1969 1754 par-

448 1783 557 1825 tibus
588 1783 763 1841 negocia
789 1778 983 1823 Caesaris
1015 1790 1128 1833 sunt3
1175 1779 1278 1821 haec
1326 1778 1429 1820 milii
1466 1779 1668 1820 committi
1697 1777 1970 1838 expedienda

448 1867 621 1909 curabo.
653 1865 781 1908 Nunc
813 1864 1020 1924 legatione
1035 1864 1222 1922 fungar,
1255 1879 1366 1905 nunc
1398 1879 1547 1903 nzunus
1579 1861 1800 1904 exercebo·
1838 1861 1886 1904 V
1883 1865 1969 1904 ica-

449 1953 556 1995 rium
586 1953 631 1993 in
663 1949 880 1992 Etruriam
917 1948 1145 1992 Caesarem
1188 1946 1345 1990 habere
1390 1957 1566 2006 oportet.
1600 1946 1730 1988 Hanc
1763 1963 1838 2005 ego
1869 1964 1968 2006 pro-

450 2040 629 2080 vinciam
660 2035 911 2096 impetrabo.
943 2035 1013 2077 Nc
1045 2033 1213 2085 dubita.
1243 2035 1433 2075 suavium
1454 2049 1610 2084 meum.
1629 2048 1725 2074 mea
1756 2031 1970 2084 Lucretia,

452 2138 590 2164 meum
622 2137 711 2174 cor,
741 2137 833 2180 spes
879 2136 986 2162 mea.
1026 2117 1074 2162 Si
1104 2122 1237 2161 vivere
1276 2117 1436 2177 absque
1475 2116 1600 2158 corde
1638 2132 1827 2174 possum,
1858 2127 1899 2158 et
1930 2126 1968 2158 te

452 2204 685 2265 relinquere
704 2221 889 2264 possum.
916 2202 1011 2263 Age
1026 2205 1124 2264 jam
1149 2202 1339 2254 tandem,
1364 2202 1554 2243 miserere
1586 2202 1767 2241 (unientis
1791 2202 1868 2252 tui,
1898 2204 1971 2260 qui

451 2301 657 2350 tanquam
689 2290 749 2331 acl
777 2289 908 2333 solem
947 2291 1028 2332 nix
1071 2288 1268 2348 liquescit.
1313 2284 1544 2329 Considera
1584 2301 1696 2326 meos
1730 2284 1897 2327 labores
1929 2297 1970 2328 et

451 2374 623 2418 modum
646 2377 742 2433 jam
771 2374 951 2433 denique
983 2375 1084 2415 meis
1115 2373 1328 2431 martyriis
1359 2380 1507 2412 statue.
1540 2368 1657 2424 Quid
1681 2385 1744 2411 me
1778 2380 1867 2411 tam
1897 2367 1969 2410 diu

451 2459 644 2501 crucias?
678 2458 817 2499 Miror
846 2473 920 2516 ego
942 2458 1041 2509 mei,
1061 2459 1136 2516 qui
1155 2466 1215 2498 tot
1237 2465 1444 2497 tormenta
1466 2455 1630 2513 perpeti
1646 2454 1873 2512 potuerim,
1897 2454 1971 2511 qui

452 2554 512 2584 tot
543 2552 682 2584 noctes
716 2544 925 2583 insonmcs
957 2541 1089 2593 duxi,
1116 2543 1190 2600 qui
1213 2550 1273 2582 tot
1295 2540 1462 2600 jejunia
1484 2536 1671 2580 toleravi.
1702 2535 1813 2579 Vide
1840 2551 1969 2594 quam

452 2643 595 2669 macer
624 2644 735 2679 sum,
764 2642 894 2685 quam
922 2625 1107 2684 pallidus
1117 2643 1131 2679 ,-
1162 2641 1299 2684 parva
1330 2639 1393 2667 res
1426 2634 1484 2665 est
1517 2639 1626 2682 quae
1653 2623 1843 2680 spiritum
1875 2634 1966 2661 cor-

451 2715 547 2769 pori
567 2711 782 2770 alltgatum
806 2710 974 2753 detinet.
999 2709 1047 2752 Si
1062 2710 1137 2753 tibi
1163 2723 1237 2753 aut
1255 2720 1453 2770 parentes
1485 2718 1560 2749 aut
1581 2706 1687 2755 lilius
1713 2704 1968 2755 occidissem,

455 2813 538 2837 nort
570 2808 740 2854 pulcras·
774 2796 825 2837 (le
874 2813 936 2838 me
986 2797 1119 2853 majus
1168 2812 1294 2853 qtmm
1333 2795 1410 2836 lzoc
1443 2792 1687 2852 supplicium
1718 2804 1889 2833 sumere.
1923 2787 1969 2829 Si
