1890 3081
141 252 219 296 Pag.

183 297 219 336 M

180 388 218 419 16

179 490 216 522 ¹9

175 715 217 737 20

172 806 215 827 22

174 841 218 873 26

174 897 217 930 29

173 979 215 1010 32

173 1024 217 1056 36

169 1634 215 2095 ΙΙΙὲΙΙΙΙΙΙΙ

267 250 345 283 Lin.

288 307 323 340 ¹7

280 351 320 385 27

299 387 323 464 ἓ

283 477 318 509 13

285 669 321 704 “7

285 716 316 736 ΙΙ

278 750 322 782 26

283 807 320 828 ¹0

263 852 342 885 pell.

285 887 320 919 13

442 120 686 163 ERRATA

392 304 490 338 egros

390 339 487 372 dona

390 383 554 418 reminsci

390 430 508 474 Ipsum

389 476 488 509 Molti
512 473 647 519 giovani
667 470 794 504 amanti
813 468 858 501 ho
873 479 974 500 cono-

413 521 517 554 sciuti
550 521 561 553 i
592 519 687 564 quali
711 517 801 550 nelle
833 526 973 547 amanze

413 567 489 599 loro
503 566 619 599 hanno
635 568 771 598 trovato
786 561 980 605 corrispon-

413 610 522 644 denza

390 657 547 690 confacia

391 702 517 735 nedum

392 748 515 780 mellis.
542 746 611 780 Sed
632 746 759 780 omissa

389 794 587 838 prolaberis

391 850 471 872 nam
495 847 532 872 ut
554 838 641 872 mihi

378 885 575 928 Jaemineis

285 943 292 964 1
302 943 320 976 7
376 930 564 972 faeminas

261 989 342 1021 pen.
376 976 562 1020 faemineo

283 1034 322 1066 ¹9

280 1069 324 1100 26

279 1114 321 1147 25

279 1170 322 1192 20

378 1022 485 1068 juvat
526 1067 532 1074 .

391 1076 552 1100 extranta

391 1114 558 1145 Mecenas

391 1159 515 1191 Niente
540 1157 605 1191 ode
630 1155 686 1190 chi
710 1165 780 1188 non
805 1153 836 1186 fa

392 1203 539 1236 reducas

390 1258 496 1282 morte
509 1274 519 1289 ‚
544 1257 582 1282 ut

393 1295 547 1328 lacrimis

392 1341 530 1385 legibile
547 1365 558 1382 ,
584 1335 855 1384 chyrographum

389 1387 587 1418 Haeserunt

389 1437 627 1464 saccomanata

390 1477 523 1521 nephas

389 1533 444 1555 me
469 1528 521 1554 sta
545 1526 667 1568 quatto

389 1579 494 1613 quam

391 1625 494 1657 quam

390 1658 488 1703 quod

391 1716 464 1736 non
488 1704 551 1736 hos

390 1758 473 1782 sunt

388 1794 557 1840 penosior

388 1840 581 1873 Laudamia

390 1887 476 1918 viris

388 1930 636 1977 aegritudinem

389 1989 521 2009 somms

393 2023 521 2055 Caesar
543 2034 587 2054 ex

386 2068 531 2102 traffitto

1198 111 1476 156 CORRIGE

1067 296 1188 330 aegros

1066 330 1160 364 dono

1066 375 1246 409 reminisci

1066 422 1187 466 Ipsam

1065 467 1165 501 Molti
1181 464 1302 499 vecchi
1319 461 1527 497 innamorati
1544 461 1590 494 ho
1608 473 1661 494 ve-

1087 512 1196 552 dut03
1223 523 1279 544 ma
1296 508 1439 544 vecchio
1457 508 1582 541 a1cuno
1608 519 1660 540 ee.

1067 647 1244 681 consaccia

1067 705 1112 726 ne
1135 693 1215 726 dum

1065 739 1196 778 mellis,
1221 737 1300 780 sed,
1324 735 1450 769 omissa

1064 784 1263 830 prolabaris

1064 843 1144 863 nam
1161 838 1195 863 et
1209 829 1294 863 mihi

1059 875 1253 919 foemineis

1054 922 1242 965 foeminas

1063 968 1241 1008 foemineo

1055 1014 1189 1059 juvant

1067 1067 1234 1091 extraneo

1064 1105 1255 1137 Maecenas

1063 1150 1188 1182 Niente
1212 1160 1271 1182 osa
1294 1145 1351 1179 chi
1374 1145 1408 1178 sa

1064 1194 1214 1228 inducas

1063 1249 1169 1273 morte
1193 1247 1231 1272 ut

1065 1286 1227 1324 lacrymis

1067 1331 1206 1376 legibue
1229 1326 1505 1372 chyrographum

1066 1378 1265 1409 Haeserunt

1065 1425 1329 1454 saccomannata

1065 1467 1167 1510 nefizs

1065 1524 1120 1545 ma
1144 1517 1197 1544 sta
1222 1515 1345 1557 quatto

1065 1557 1162 1602 quod

1066 1603 1163 1649 quod

1066 1661 1157 1693 qaae

1068 1706 1133 1726 nos
1157 1693 1221 1726 hos

1066 1741 1140 1772 sint

1065 1784 1256 1830 poenosior

1068 1830 1258 1863 Laodamia

1067 1876 1136 1908 viri

1064 1923 1101 1954 in
1126 1919 1375 1966 aegritudinem

1063 1979 1208 2000 somnus

1067 2014 1191 2045 Caeser
1213 2012 1246 2045 ei
1269 2023 1311 2045 ex

1068 2059 1199 2093 trafitto
