2023 3091
494 150 547 193 38

378 233 452 290 qui
473 230 548 274 ubi
569 230 727 277 abusus
753 244 819 272 me
840 226 995 279 fuerit,
1023 224 1178 282 abeat5
1202 229 1344 287 virque
1369 228 1423 267 sit
1447 224 1618 267 alterius
1639 235 1682 269 et
1699 241 1764 269 me
1783 241 1894 286 pene

378 314 619 375 relinquat?
640 314 727 358 Sed
750 325 836 354 non
866 310 901 349 is
931 317 994 350 est
1023 309 1114 368 ejus
1143 309 1301 352 vultus:
1330 323 1418 350 non
1449 323 1502 350 ea
1527 306 1727 352 nobilitas
1757 310 1891 351 animi

377 396 561 454 videtur,
586 414 660 441 nec
680 394 819 453 gratia
832 392 1014 448 jbrmae
1036 391 1111 435 illa
1132 405 1194 437 est
1215 404 1262 436 ut
1281 395 1451 435 timeam
1459 391 1648 447 fraudes
1671 393 1896 435 etamoris

376 482 531 525 oblivia
567 479 722 529 nostri,
756 477 795 518 si
836 474 1000 519 dederit
1029 475 1074 532 s
1073 474 1182 519 dem
1217 476 1303 520 Cur
1332 487 1424 519 tuta
1457 475 1663 547 timeam?
1696 465 1899 536 accingar

375 578 420 612 et
440 580 603 610 omnem
627 575 792 604 moram
807 560 981 622 pellam.
1007 560 1098 621 Ego
1124 577 1292 623 quoque
1316 564 1379 606 ita
1401 579 1495 605 sum
1512 561 1713 622 pulchra,
1733 571 1779 603 ut
1804 575 1892 604 non

374 664 508 693 muzus
536 644 607 687 ille
638 644 735 687 velit
757 659 890 705 quam
919 660 995 704 ego
1027 647 1163 704 ipsum
1188 649 1369 705 cupiam.
1402 645 1580 706 Semper
1607 661 1653 688 se
1683 643 1799 687 milti
1809 643 1894 686 da-

376 733 452 783 bit,
471 731 509 770 si
530 727 659 770 semel
682 726 744 770 ad
766 727 912 770 oscula
946 729 1076 781 fuerit
1099 740 1289 788 receptus
1315 745 1424 773 mea.
1455 728 1572 786 Quot
1602 745 1668 772 me
1703 715 1899 771 ambiunt

371 813 489 874 proci
489 844 506 867 ,
521 827 782 873 quocumque
796 827 987 872 pergam:
999 823 1101 873 quot
1116 812 1266 855 rivales
1283 815 1506 870 anteferes
1524 812 1746 856 excubant
1761 810 1901 857 meas!

374 896 502 939 Dabo
528 898 667 938 amori
690 910 878 955 operam.
898 893 995 938 Aut
1024 896 1091 939 hic
1117 896 1324 951 manebit,
1348 907 1425 939 aut
1449 913 1514 940 me
1540 913 1682 940 secum
1707 885 1901 954 abiturus

373 979 568 1032 abducet.
600 979 711 1039 Ergo
737 994 811 1039 ego
837 989 881 1021 et
909 989 1089 1022 matrem
1111 990 1154 1023 et
1183 983 1315 1026 virum
1347 992 1389 1024 et
1409 984 1597 1041 patriam
1624 979 1899 1040 relinquam?

373 1062 516 1108 Saeva
539 1075 602 1108 est
625 1075 764 1106 mater
777 1094 794 1117 ,
819 1073 861 1105 et
890 1063 993 1105 meis
1023 1077 1189 1122 semper
1221 1066 1376 1120 infesta
1403 1064 1582 1124 gaudiis.
1613 1064 1722 1108 Viro
1753 1077 1898 1106 carere

370 1165 502 1209 quam
529 1150 661 1208 potiri
687 1147 816 1190 malo.
850 1146 1007 1190 Patria
1037 1146 1121 1189 illic
1152 1157 1216 1190 est
1246 1146 1321 1188 ubi
1349 1147 1532 1192 delecter
1555 1150 1703 1192 vivere.
1730 1148 1796 1190 At
1810 1149 1901 1204 fa-

371 1249 488 1276 mam
504 1232 698 1294 perdam.
728 1232 847 1290 Quid
869 1232 973 1275 mihi
996 1247 1182 1275 rumores
1214 1231 1431 1275 hominum
1455 1249 1560 1293 quos
1588 1235 1682 1292 ipsa
1707 1248 1795 1276 non
1820 1248 1898 1274 au-

373 1316 515 1360 diam?
539 1317 663 1360 Ndzil
684 1316 817 1360 audet
840 1319 915 1377 qui
921 1319 1081 1372 famae
1107 1319 1228 1360 nimis
1249 1316 1401 1360 studet.
1423 1317 1591 1361 ,Multae
1609 1317 1904 1373 hocfecerunt

375 1401 502 1445 aliae.
519 1401 637 1462 Rapi
655 1401 830 1445 Helena
851 1401 980 1444 voluit
993 1418 1010 1456 >⁸
1034 1417 1124 1444 non
1147 1404 1323 1444 invitam
1347 1405 1585 1462 asportavit
1614 1401 1756 1444 Paris.
1783 1399 1902 1458 Quid

375 1484 624 1528 Ariadnam
664 1488 846 1543 refieram
881 1485 947 1529 vel
976 1484 1214 1528 Medeam?
1249 1485 1389 1528 Nemo
1421 1496 1632 1529 errantem
1661 1487 1798 1544 atguit
1826 1487 1902 1544 qui

376 1585 472 1612 cum
499 1568 640 1613 multis
670 1579 797 1612 errat.
832 1595 892 1602 —
918 1567 988 1612 Sic
1020 1568 1231 1612 Lucretza.

438 1821 533 1865 Nec
563 1824 677 1864 intra
706 1831 851 1876 pectus
881 1823 1050 1863 minora
1080 1821 1278 1865 incendia
1307 1821 1523 1866 nutriebat
1552 1822 1765 1866 Eurialus.
1799 1822 1901 1866 stle-

378 1905 473 1949 dias
494 1909 604 1950 inter
623 1905 819 1950 Caesaris
847 1909 986 1949 curias
1007 1917 1049 1950 et
1069 1905 1237 1950 Euriali
1254 1907 1425 1950 domum
1451 1908 1648 1953 Lucretia
1671 1908 1799 1952 aedes
1824 1909 1902 1952 Ῐια-

380 1991 483 2034 bui.t
509 1991 603 2034 Nec
625 1991 835 2075 palatium
862 1991 1062 2034 Eurialus
1084 2004 1226 2052 petere
1248 2005 1436 2053 potetat,
1455 1997 1557 2054 quin
1588 1994 1706 2037 illam
1726 2011 1785 2038 cx
1805 1994 1902 2037 altis

381 2079 425 2117 se
455 2074 736 2107 ostentantem
750 2044 957 2121 fenestris
994 2064 1170 2108 haberet
1206 2068 1251 2108 in
1289 2066 1431 2109 oculis.
1468 2065 1557 2109 Sed
1591 2067 1758 2109 e1ubu1t
1789 2083 1902 2110 sem·

378 2162 460 2207 per
492 2148 690 2190 Lucretia
723 2165 818 2190 cum
850 2147 1074 2191 Eutialum
1113 2149 1226 2192 vidit.
1271 2148 1394 2206 Quae
1432 2167 1496 2193 tes
1538 2149 1765 2194 Caesarem
1790 2153 1907 2207 fecit

383 2234 540 2274 amoris
571 2234 811 2286 conscium5
841 2249 944 2274 nam
981 2250 1074 2276 cum
1105 2250 1164 2276 ex
1189 2251 1267 2276 sua
1298 2234 1623 2288 consuetudine,
1651 2252 1762 2277 nunc
1799 2235 1906 2288 hac,

384 2331 497 2359 nune
511 2318 718 2377 equitaret
738 2316 855 2371 illac,
869 2329 910 2360 et
925 2318 1005 2361 hac
1026 2335 1152 2378 saepe
1170 2322 1390 2372 transiret,
1420 2319 1721 2363 animadvertit
1750 2321 1907 2361 mutari

381 2402 617 2455 foeminam
640 2400 810 2444 Euriali
832 2401 1042 2457 adventu5
1073 2406 1149 2461 qui
1172 2404 1251 2446 sibi
1275 2408 1402 2464 quasi
1430 2403 1667 2448 Octaviano
1699 2404 1904 2447 Mecenas

387 2487 572 2529 astabat.
616 2485 696 2529 Ad
730 2503 855 2547 quem
893 2503 1056 2530 versus:
1094 2488 1296 2543 Euriale,
1327 2492 1479 2532 siccine
1525 2492 1608 2532 uris
1641 2489 1907 2545 foeminas?

388 2570 549 2613 Mulier
567 2573 648 2614 ista
669 2580 707 2614 te
729 2570 865 2614 ardet.
892 2597 950 2604 —
974 2571 1133 2627 Semel,
1155 2585 1373 2634 tamquam
1394 2577 1560 2616 amanti
1582 2573 1803 2627 invideret,
1834 2573 1908 2616 ubi

390 2654 450 2696 ad
479 2655 607 2698 aedes
639 2655 858 2701 Lucretiae
891 2668 1058 2700 ventum
1089 2671 1168 2714 est,
1199 2659 1368 2703 Euriali
1397 2659 1540 2702 oculos
1557 2658 1670 2720 pileo
1694 2661 1907 2702 contexit.-

390 2754 466 2782 nec
492 2739 680 2796 videbis,
700 2744 860 2804 inquit,
887 2743 1004 2802 quod
1023 2760 1168 2787 amas:
1202 2761 1274 2804 ego
1300 2745 1378 2788 hoc
1412 2744 1648 2804 spectaculo
1670 2746 1817 2799 fruar.
1850 2768 1908 2776 —-
