2023 3091
512 113 562 150 ‘36

395 192 514 234 lexic.
541 190 657 234 Mira
688 206 753 235 res
764 192 789 232 l'
806 186 926 232 multi
953 188 1114 245 egregia
1130 189 1282 243 forma
1296 188 1500 247 juvenes3
1537 185 1612 229 sed
1641 202 1770 230 unum
1799 185 1911 230 hunc

394 273 613 318 Lucretia:
641 275 782 334 plures
802 271 966 313 honesti
988 272 1175 329 corporis
1205 269 1416 325 mulieres;
1440 267 1516 312 sed
1538 268 1649 311 hanc
1666 285 1793 312 unam
1815 269 1909 312 Eu-

394 358 523 402 rialus
543 359 625 402 sibi
646 357 805 413 delegit.
833 352 938 395 Non
959 363 1101 396 tamen
1126 354 1208 397 hac
1238 356 1332 414 ipsa
1357 352 1424 396 die
1442 351 1508 396 vel
1526 367 1667 396 mense
1689 353 1912 403 [lammam

394 441 590 486 Lucretia
620 438 807 498 cognovit
850 435 1042 492 Euriali,
1085 437 1150 480 vel
1188 436 1258 481 ille
1297 435 1518 480 Lucretiae
1529 452 1546 491 ,·
1584 434 1662 479 sed
1689 451 1835 480 amare
1865 451 1913 481 sc

381 528 551 584 flustra
581 535 751 582 uterque
781 521 980 581 putabat.

464 608 518 651 L't
545 608 677 665 igitur·
695 607 970 648 caeremoniis
1009 620 1131 648 sacro
1164 603 1361 649 Caesaris
1391 606 1522 664 capiti
1562 605 1726 664 paratis
1761 606 1915 646 modus

379 695 492 749 fia'tj
522 699 564 732 et
592 687 668 732 illa
698 687 871 732 domum
903 703 1088 742 reversa,
1127 690 1172 731 in
1204 687 1428 731 Eurialum
1459 699 1550 731 tota
1565 719 1582 742 ,
1606 697 1648 730 et
1681 690 1726 730 in
1756 685 1914 730 Lucre-

393 777 494 817 tiam
529 782 639 815 totus
679 770 884 815 Eurialus
911 772 1159 830 serebatur.
1212 770 1319 828 Quis
1364 788 1476 815 nunc
1519 770 1696 814 Thisbes
1736 780 1778 813 et
1819 768 1914 829 Py-

390 858 498 900 rami
504 855 715 913 flzbulam
739 855 999 899 demiretur?
1021 858 1133 899 inter
1153 871 1259 917 quos
1285 857 1480 898 notitiam
1497 856 1736 914 ptimosque
1752 852 1913 914 gradus

387 943 540 984 vicinia
565 942 691 996 fecit,
720 942 877 999 quippe
907 939 1055 982 domos
1077 939 1264 982 habuere
1291 941 1540 998 contiguas:
1567 949 1754 998 tempore
1785 938 1913 981 crevit

389 1040 524 1068 amor.
546 1025 613 1067 Hi
647 1039 857 1083 nusquam
878 1024 996 1083 prius
1032 1037 1076 1064 se
1107 1021 1319 1076 viderant,
1348 1038 1425 1065 nec
1445 1024 1580 1079 fama
1616 1030 1911 1082 cognoverant.

388 1107 475 1153 Hic
516 1107 686 1151 Franco
723 1119 764 1151 et
805 1106 879 1150 illa
921 1104 1103 1148 Etrusca
1131 1105 1226 1161 ficit
1237 1136 1256 1158 2
1294 1121 1370 1148 nec
1411 1105 1576 1165 linguae
1620 1107 1912 1149 commercium

387 1195 618 1237 intercessit
626 1209 645 1249 5
674 1191 751 1236 sed
789 1190 920 1235 oculis
957 1205 1022 1233 res
1061 1200 1204 1232 tamen
1236 1199 1357 1248 gesta
1396 1198 1476 1251 est,
1511 1205 1606 1232 cum
1636 1187 1746 1232 alter
1787 1187 1913 1231 alteri

386 1278 627 1338 plac-uisset.

450 1361 610 1406 Saucia
633 1377 729 1422 eigo
750 1363 871 1422 gravi
900 1376 1003 1404 cura
1034 1360 1264 1414 Lucretia,
1309 1371 1352 1404 et
1379 1363 1472 1420 igne
1497 1369 1625 1419 capta
1653 1372 1805 1412 coeco,
1815 1357 1913 1418 jam

389 1464 434 1492 se
466 1450 712 1491 maritatam
740 1446 1027 1501 obliviscitur5
1062 1448 1195 1489 virum
1220 1444 1310 1489 odit
1319 1477 1336 1500 9
1359 1455 1401 1488 et
1424 1444 1543 1488 alens
1569 1458 1789 1487 venereum
1818 1441 1914 1485 vul-

390 1548 493 1585 nus,
519 1530 699 1594 infixum
721 1533 885 1591 pectori
909 1541 1021 1574 tenet
1047 1529 1215 1573 Euriali
1245 1528 1422 1582 vultum,
1444 1544 1521 1571 nec
1555 1526 1688 1569 ullam
1718 1524 1914 1569 membris

389 1620 474 1661 suis
498 1619 679 1677 quietem
708 1616 912 1676 praebet5
941 1630 1163 1675 secumque
1181 1631 1196 1656 :
1219 1640 1277 1648 --
1310 1613 1465 1657 Nescio
1491 1611 1608 1673 quod
1633 1610 1801 1665 obstat,
1823 1612 1917 1665 ait,

388 1712 437 1744 ut
465 1700 645 1761 amplius
668 1702 753 1743 viro
778 1700 952 1743 haerere
973 1715 1194 1760 nequeam.
1222 1697 1301 1740 Nil
1324 1714 1390 1741 me
1408 1699 1532 1758 juvat
1556 1697 1645 1756 ejus
1666 1694 1916 1755 amplexus:

388 1784 451 1828 nil
474 1784 692 1827 oblectant
725 1783 892 1826 oscula:
916 1780 1107 1839 fastidia
1143 1781 1273 1824 verba
1309 1783 1532 1840 ingerunt:
1560 1780 1772 1839 peregrini
1801 1793 1916 1820 sem-

386 1885 465 1930 per
502 1879 602 1912 ante
634 1866 777 1911 oculos
798 1877 860 1910 est
899 1859 1073 1926 imago,
1112 1867 1186 1925 qui
1227 1863 1353 1907 hodie
1389 1865 1565 1923 propior
1594 1873 1688 1906 erat
1726 1861 1915 1906 Caesari.

390 1955 559 1999 Excute
583 1965 808 2014 conceptas
833 1969 855 1996 e
881 1963 998 1995 casto
1024 1967 1199 2011 corpore
1215 1951 1437 2006 flammas,
1460 1952 1497 1992 si
1518 1960 1657 2009 potes,
1674 1946 1842 1996 infelix.
1867 1945 1918 1990 Si

388 2054 574 2098 possem,
599 2055 686 2081 non
711 2054 844 2081 essem
868 2052 1001 2097 aegra
1027 2047 1072 2078 ut
1103 2052 1208 2078 sum.
1241 2035 1371 2078 Nova
1395 2049 1460 2076 me
1492 2035 1550 2076 vis
1575 2034 1749 2075 invitam
1773 2031 1917 2073 trahit.

393 2121 534 2166 Aliud
562 2121 715 2182 cupido
746 2120 916 2174 suadet,
939 2119 1060 2163 aliud
1090 2135 1220 2162 mens.
1246 2116 1344 2162 Scio
1369 2115 1486 2177 quod
1514 2117 1567 2158 sit
1597 2114 1771 2168 melius,
1800 2112 1918 2174 quod

392 2205 575 2251 deterius
594 2217 657 2249 est
675 2220 841 2266 sequor.
866 2203 908 2247 Ο
933 2206 1029 2248 civis
1050 2204 1213 2264 egregia
1232 2212 1273 2245 et
1294 2199 1472 2254 nobilis,
1498 2198 1602 2260 quid
1629 2198 1707 2242 tibi
1725 2214 1821 2241 cum
1837 2213 1915 2258 pe-

393 2293 556 2352 regrino
580 2290 674 2334 est?
699 2289 804 2350 quid
821 2291 865 2332 in
886 2289 1084 2332 extr-anio
1112 2286 1274 2330 ureris?
1298 2283 1402 2347 quid
1426 2284 1639 2328 thalamos
1661 2282 1794 2326 alieni
1811 2298 1916 2326 con-

393 2377 497 2436 cipis
512 2374 656 2418 orbis?
681 2373 730 2418 Si
751 2372 1087 2430 virumfizstidis,
1107 2372 1213 2416 haec
1233 2373 1363 2415 etiam
1379 2379 1518 2430 potest
1537 2367 1642 2412 dare
1665 2378 1779 2412 terra
1799 2363 1917 2426 quod

395 2476 524 2503 ames.
553 2457 641 2503 Sed
670 2458 752 2502 heu
783 2457 915 2510 mihi,
951 2471 1167 2517 quaenam
1197 2454 1308 2498 illius
1353 2464 1415 2497 est
1442 2452 1613 2509 facies!
1658 2466 1790 2512 quam
1828 2463 1918 2492 non

395 2554 563 2587 moveat
587 2545 675 2587 eius
689 2544 862 2599 forma,
894 2550 1014 2583 aetas
1030 2572 1047 2594 ,
1067 2542 1212 2599 genius
1230 2571 1246 2593 ,
1276 2537 1436 2581 virtus?
1469 2535 1588 2580 Certe
1620 2551 1717 2578 mea
1739 2543 1916 2594 pectora

396 2631 542 2683 movit,
557 2640 597 2672 et
613 2630 694 2671 nisi
700 2629 826 2685 serat
845 2642 987 2687 opem,
1006 2624 1211 2685 dispereo.
1239 2623 1314 2666 Dii
1332 2622 1507 2666 meliora
1523 2620 1644 2664 dent!
1669 2619 1792 2664 Vah!
1809 2633 1916 2679 pro-

397 2711 499 2755 clam
519 2728 593 2772 ego
619 2723 755 2755 castos
777 2712 1024 2770 hymeneos,
1044 2726 1192 2770 meque
1218 2707 1429 2763 advenae,
1453 2708 1594 2749 nescio
1618 2706 1703 2759 cui,
1727 2701 1917 2755 credam,
