2023 3091
549 153 606 208 48

425 241 548 283 nosti.
579 237 718 298 Longi
738 236 896 285 luctus,
925 229 1070 274 breves
1101 234 1206 276 n'sus
1216 264 1233 288 ,
1259 249 1396 293 parva
1416 235 1598 293 gaudia,
1617 241 1760 299 ”tageni
1783 250 1944 295 ineius,-

424 339 590 383 semper
617 323 792 365 moritur
802 347 820 369 ,
848 325 891 358 et
919 330 1155 376 numquam
1192 327 1380 360 mortuus
1413 327 1477 362 est
1504 321 1580 379 qui
1616 333 1750 368 amat.
1783 322 1872 380 Qui
1903 333 1946 367 te

423 410 543 467 nugis
565 405 798 449 immisceas
821 401 970 442 iterum
983 399 1008 441 ?
1025 424 1048 433 -
1063 399 1130 444 At
1145 416 1239 444 cum
1260 414 1303 444 se
1314 402 1483 458 frustra
1497 405 1578 445 niti
1590 392 1767 449 videret:
1785 405 1951 464 Quoad

424 487 620 539 tandem,
649 487 713 527 ait
720 515 738 538 ,
762 486 974 527 incassum
1005 486 1132 528 miser
1160 487 1300 529 amori
1330 487 1553 546 repugno?
1574 485 1680 530 Non
1710 504 1776 532 me
1809 488 1948 533 licebit

423 572 538 638 quod
546 570 584 613 J
582 569 671 637 aliu
685 568 861 623 mlicuit,
881 568 999 631 quod
1012 561 1340 626 Alexandrum,
1354 570 1473 631 quod
1486 570 1812 616 Hannibalem?
1833 572 1950 631 Quid

421 661 527 702 viros
564 666 754 698 armatos
798 655 968 711 refero?
998 653 1165 709 Aspice
1201 665 1382 714 poetas:
1416 654 1618 715 Virgilius
1635 687 1651 709 ,
1691 673 1771 715 per
1785 660 1948 714 sunem

419 751 595 793 tractus,
613 738 675 782 ad
697 738 883 782 mediam
908 741 1055 781 turrim
1071 738 1294 799 pependit,
1318 739 1420 781 dum
1444 756 1488 782 se
1510 740 1782 784 mulierculae
1806 752 1950 801 sperat

419 839 592 868 usurum
612 822 898 882 amplexibus.
927 822 1121 866 Excuset
1146 826 1239 885 quis
1257 834 1432 884 poetam
1454 835 1499 866 ut
1523 823 1707 868 laxioris
1724 827 1834 868 vitae
1856 825 1948 868 cul-

418 920 575 965 torem;
599 907 705 970 quid
728 905 782 951 de
813 907 1074 968 philosophis
1104 907 1291 952 dicemus
1320 908 1640 970 disciplinarum
1669 912 1876 970 magistris
1908 917 1951 955 et

417 998 522 1039 artis
542 994 651 1039 bene
673 991 840 1038 vivendi
858 993 1240 1053 praeceptoribus?
1255 993 1526 1038 Aristotilem
1551 1005 1773 1055 tamquam
1796 1011 1951 1056 equum

418 1080 571 1124 mulier
597 1078 818 1133 ascendit,
833 1079 1003 1135 fraeno
1034 1080 1246 1130 coercuit,
1276 1089 1319 1121 et
1349 1079 1586 1123 calcaribus
1617 1083 1823 1140 perpugit.
1855 1078 1950 1123 Diis

417 1181 560 1227 aequa
589 1175 780 1226 potestas
807 1174 869 1207 est
894 1161 1141 1207 Caesarum.
1172 1161 1279 1204 Non
1311 1172 1374 1204 est
1392 1177 1534 1206 verum
1559 1163 1678 1223 quod
1701 1163 1819 1224 vulgo
1844 1164 1950 1207 dici-

418 1243 510 1294 tur:
540 1267 629 1293 non
655 1249 762 1292 bene
795 1249 1050 1291 conveniunt
1083 1262 1160 1289 nec
1191 1248 1236 1288 in
1262 1262 1349 1288 una
1380 1245 1479 1288 sede
1505 1258 1726 1289 morantur
1749 1249 1950 1304 majestas

415 1345 462 1378 et
490 1349 627 1377 amor.
657 1332 763 1390 Quis
781 1333 921 1393 major
943 1341 1007 1374 est
1026 1340 1198 1373 amator
1220 1346 1352 1390 quam
1371 1341 1518 1373 noster
1546 1331 1738 1374 Caesar?
1771 1329 1949 1389 Quoties

416 1419 486 1463 hic
506 1420 645 1462 amori
669 1432 847 1478 operam
862 1414 1017 1458 dedit?
1046 1413 1280 1458 Herculem
1299 1412 1471 1468 dicunt,
1491 1416 1567 1474 qui
1589 1417 1673 1467 ficit
1685 1417 1952 1470 ffirtissimus

417 1514 462 1548 et
490 1515 608 1547 certa
646 1502 824 1562 deorum
861 1499 1032 1561 soboles
1048 1531 1064 1553 ,
1100 1487 1313 1558 pharetris
1352 1509 1394 1541 et
1435 1498 1569 1541 leonis
1607 1498 1741 1558 spolio
1771 1502 1952 1560 positis,

417 1588 558 1632 colum
577 1589 834 1648 suscepisse,
865 1579 1128 1646 passumque
1160 1584 1304 1644 aptari
1331 1581 1468 1643 digitis
1498 1583 1748 1646 smaragdos
1778 1596 1822 1628 et
1852 1584 1952 1644 dari

418 1673 552 1734 legem
583 1671 758 1723 rudibus
789 1670 954 1731 capillis
969 1694 988 1724 ,-
1017 1679 1060 1712 et
1090 1684 1222 1714 manu
1252 1683 1340 1728 qua
1370 1666 1537 1712 clavam
1562 1651 1727 1728 gestare
1757 1668 1948 1724 solebat,

415 1768 674 1819 properante
683 1758 792 1814 suso
807 1786 825 1810 ,
853 1754 1029 1798 duxisse
1044 1752 1137 1816 fila.
1153 1752 1385 1796 Naturalis·
1406 1763 1471 1797 est·
1491 1753 1604 1796 ltaec
1626 1756 1786 1813 passio.
1811 1751 1952 1798 Sentit

418 1845 533 1904 ignes
560 1847 695 1903 genus
724 1839 962 1901 aligerum3

691 2095 782 2131 Nam
804 2094 911 2138 variis
934 2092 1036 2128 albae
1048 2093 1250 2139 junguntur
1271 2102 1374 2136 saepe
1397 2090 1593 2131 columbae,

694 2271 740 2303 Et
764 2270 862 2315 niger
884 2280 907 2303 a
929 2267 1035 2302 viridi
1060 2275 1172 2301 turtur
1195 2272 1332 2300 amatur
1354 2277 1415 2298 ave
1431 2289 1442 2308 ,

422 2526 460 2567 si
489 2522 711 2567 verborum
735 2522 908 2565 memini
930 2534 1042 2579 quae
1072 2516 1134 2560 ad
1157 2515 1385 2559 Phaonem
1409 2513 1596 2558 Siculum
1621 2513 1764 2558 scribit
1785 2512 1947 2573 Saplzo.

428 2606 546 2664 Quid
559 2604 856 2668 quadrupedes
873 2602 1086 2660 referam?
1102 2600 1250 2644 Movet
1262 2614 1341 2660 pro
1358 2600 1549 2659 conjugio
1568 2598 1681 2642 bella
1687 2599 1948 2659 jumentum,-

425 2690 561 2733 timidi
583 2693 693 2734 cervi
720 2688 887 2750 praelia
913 2696 1121 2748 poscunt,
1141 2696 1182 2728 ct
1202 2685 1394 2743 concepti
1402 2684 1569 2740 furoris
1589 2681 1697 2725 dant
1717 2684 1838 2742 signa
1853 2697 1947 2723 mu-

421 2777 605 2834 gientes,-
637 2785 815 2817 uruntur
829 2772 1046 2831 hyrcanae
1063 2767 1258 2830 ιιξςνίιίεες
1279 2765 1490 2825 vulnificos
1515 2782 1621 2827 aper
1645 2766 1791 2812 dentes
1811 2766 1947 2808 acia't:
