2023 3091
492 131 546 171 26

374 221 493 255 tensa
496 243 513 266 ,
535 210 685 255 debitis
705 211 850 270 spatiis
875 206 1187 263 extinguuntur.
1213 202 1339 249 Oculi
1363 206 1425 248 tui
1439 215 1657 266 tamquam
1676 205 1760 254 cluo
1782 209 1880 250 emi-

375 307 477 339 cant
499 295 664 350 siclera3
685 293 782 337 inde
802 291 975 347 sagittas
999 291 1151 333 emittis
1176 301 1218 334 et
1238 289 1432 333 vulneras
1449 291 1638 349 juvenes.
1653 290 1768 334 Hinc
1784 305 1888 350 quos

375 384 435 425 vis
459 381 631 434 occidis,
655 391 695 422 et
719 390 822 436 quos
843 376 903 417 vis
928 373 1124 436 vivificas.
1150 375 1297 418 Nasus
1318 376 1402 417 suis
1427 375 1677 417 conveniens
1698 374 1890 434 partibus

361 467 530 520 faciem
552 461 715 518 mirifice
741 457 949 501 honestat.
985 456 1135 501 Genas
1159 457 1346 502 candore
1370 460 1491 502 niveo
1516 472 1727 518 respersas
1750 458 1895 503 mode·

378 561 466 594 stus
495 548 623 592 rubor
649 546 886 586 intersecat.
915 541 1034 601 Quid
1052 542 1174 586 labia
1202 542 1411 587 corallina
1424 573 1441 596 ,
1465 552 1507 586 et
1529 540 1794 602 crystallinos
1824 558 1895 586 re-

371 637 514 690 feram
533 630 696 683 dentes,
725 638 767 672 et
790 638 936 671 omnes
964 629 1049 671 oris
1074 629 1138 671 tui
1162 638 1326 688 partes,
1351 625 1463 670 unde
1488 625 1691 687 melhflua
1717 637 1897 669 manant

377 715 541 763 verba?
572 711 689 756 Hinc
729 714 835 756 risus
865 711 935 756 ille
973 711 1188 773 progredit
1202 744 1220 767 ‚
1260 713 1335 773 qui
1373 728 1440 755 me
1482 727 1608 772 saepe
1649 709 1712 753 ad
1747 711 1900 753 intima

375 808 582 862 penetrat.
615 795 658 841 Ο
688 799 821 840 virum
847 796 1015 850 felicem
1053 799 1126 858 qui
1159 795 1280 839 labia
1320 794 1397 839 illa
1426 794 1654 850 mordebit,
1684 798 1762 856 qui
1792 793 1898 838 tales

375 882 635 927 osculabitur
650 898 802 942 genas,
815 883 890 942 qui
902 891 1090 925 mentum
1104 891 1223 924 tuum
1245 890 1288 925 et
1313 879 1604 923 candidiorem
1626 882 1786 938 scytica
1806 894 1901 921 mue

372 967 520 1028 gulam
550 978 668 1011 tuam
695 967 854 1027 poterit
883 965 1073 1024 tangere!
1106 964 1224 1008 Nolo
1251 966 1431 1025 pectoris
1463 967 1525 1007 tui
1553 974 1594 1008 et
1624 963 1791 1008 illorum
1819 978 1904 1024 po-

377 1068 561 1108 morum,
589 1067 702 1113 quae
733 1049 794 1093 ibi
817 1049 970 1100 latent,
999 1050 1254 1091 mentionem
1278 1048 1462 1106 efficere,
1486 1066 1540 1093 ne
1566 1051 1750 1107 referens
1779 1049 1902 1091 nimis

377 1136 571 1181 ardeam.
599 1134 644 1179 T
640 1152 669 1178 ιι
694 1145 733 1179 te
757 1136 836 1177 scis
857 1149 988 1194 quam
1009 1133 1122 1174 intra
1147 1141 1189 1174 et
1208 1142 1337 1174 extra
1346 1134 1550 1188 fhrmosa
1574 1149 1631 1176 es.
1657 1131 1751 1192 Ego
1775 1133 1907 1192 magis

381 1226 535 1267 mirare
566 1238 699 1282 quam
727 1219 852 1280 digne
882 1215 1180 1261 commendare
1204 1226 1244 1259 te
1266 1231 1451 1275 possum.
1472 1216 1572 1260 Hoc
1603 1227 1768 1259 tantum
1796 1216 1912 1270 dico,

381 1307 501 1369 quod
522 1322 659 1349 mores
680 1306 742 1348 tui
765 1305 878 1363 regio
882 1303 1064 1362 fastigio
1086 1300 1220 1361 digni,
1240 1311 1282 1344 et
1295 1304 1451 1358 forma
1469 1312 1544 1344 tua
1556 1301 1655 1361 plus
1679 1316 1810 1362 quam
1829 1300 1913 1343 dici

382 1393 516 1448 possit
537 1390 735 1443 honesta,
754 1404 815 1432 ex
829 1386 935 1430 duce
956 1402 1022 1429 me
1036 1400 1201 1428 servum
1217 1384 1514 1441 tibificerunt.
1540 1384 1658 1428 Tuus
1674 1388 1786 1429 enim
1806 1401 1914 1428 sum.

385 1475 510 1519 Nihil
539 1477 671 1536 magis
704 1474 826 1534 cupio
859 1488 991 1533 quam
1011 1486 1099 1514 rem
1121 1481 1290 1531 gratam
1315 1469 1390 1513 tibi
1415 1469 1592 1531 efficere.
1618 1470 1713 1514 Nee
1745 1472 1915 1524 mirum,

385 1578 490 1604 nam
522 1571 564 1604 et
599 1558 825 1612 Pliaebus,
855 1567 900 1600 ut
929 1558 1126 1617 inquiunt
1151 1555 1358 1610 fabulae,
1387 1571 1482 1598 cum
1506 1565 1613 1598 esset
1643 1554 1785 1608 Jovis,
1811 1556 1916 1615 regis

387 1645 538 1689 Cretae
563 1651 719 1705 (quem
738 1652 921 1687 vetustas
942 1656 1022 1701 pro
1039 1639 1120 1684 deo
1137 1640 1310 1694 coluit),
1330 1639 1458 1693 lilius,
1482 1638 1662 1683 Admeti
1682 1650 1828 1682 tamen
1852 1653 1919 1681 re-

383 1732 447 1789 gis
462 1728 609 1786 filiam
633 1744 805 1782 amans,
833 1737 1050 1787 pastorem
1074 1742 1117 1769 se
1125 1727 1255 1783 fecit,
1273 1734 1315 1768 et
1332 1740 1498 1784 gregem
1520 1725 1652 1783 pavit.
1682 1722 1774 1783 Ego
1796 1725 1921 1783 igitur

389 1813 522 1857 libens
554 1814 688 1856 servio
730 1811 818 1854 tibi.
851 1810 948 1853 Nec
981 1808 1103 1852 aliud
1125 1826 1155 1852 a
1194 1819 1234 1852 te
1265 1808 1454 1868 postulo,
1484 1810 1565 1851 nisi
1594 1818 1640 1851 ut
1669 1823 1817 1850 amare
1854 1822 1921 1850 me

391 1900 527 1950 sinas,
545 1907 587 1940 et
606 1897 750 1939 ani‘mo
772 1909 910 1954 aequo
921 1895 1050 1950 seras
1070 1895 1108 1935 si
1126 1892 1228 1935 mihi
1247 1891 1402 1935 dicaris
1423 1903 1585 1936 amata.
1606 1891 1706 1934 Iloc
1723 1901 1785 1935 est
1807 1889 1925 1951 quod

393 1981 508 2035 volo,
528 1992 627 2041 peto
631 2012 648 2034 ,
677 1981 830 2039 exigo:
854 1978 916 2021 nil
943 1977 1112 2038 postulo
1135 1977 1246 2036 plus.
1277 1975 1370 2019 Fac
1401 1988 1496 2019 tuus
1517 1987 1564 2019 ut
1593 1986 1764 2019 amator
1785 1974 1925 2028 dicar,

394 2081 498 2108 nam.
527 2076 568 2107 et
593 2075 763 2107 amator
786 2073 827 2106 et
856 2078 997 2106 servus
1028 2078 1120 2116 ero,
1144 2059 1375 2103 dummodo
1401 2076 1584 2103 annuas.
1617 2058 1832 2121 Confiteor
1855 2057 1925 2100 di-

392 2166 524 2210 gnam
549 2158 587 2190 te
598 2150 722 2203 fhre,
746 2162 877 2206 quam
899 2147 1083 2207 majores
1103 2155 1146 2188 et
1164 2143 1355 2188 meliores
1375 2159 1506 2204 quam
1531 2159 1605 2203 ego
1631 2159 1742 2196 sum,
1769 2153 1927 2186 ament.

398 2233 522 2276 Esset
551 2235 614 2276 vir
651 2231 779 2274 Paris
811 2242 888 2274 aut
918 2229 1180 2291 IIyppolitus
1210 2228 1360 2289 dignus
1391 2243 1537 2271 amore
1570 2239 1656 2271 tuo.
1682 2226 1752 2270 Tu
1783 2238 1928 2271 tamen

398 2320 489 2361 noli
507 2331 709 2378 quaerere
722 2318 908 2369 fimnam
918 2331 934 2370 ,-
955 2331 1058 2357 nam
1072 2316 1146 2374 qui
1157 2313 1324 2373 pulchri
1344 2323 1460 2367 sunt,
1479 2311 1651 2372 superbi
1670 2314 1800 2356 etiam
1814 2321 1931 2364 sunt,

400 2418 476 2446 nec
507 2401 704 2446 stabilem
735 2400 898 2444 liabent
926 2415 1128 2443 amorem.
1160 2397 1219 2441 In
1249 2415 1314 2442 me
1347 2400 1426 2442 erit
1450 2412 1574 2441 amor
1589 2408 1836 2458 perpetuus,
1855 2397 1931 2456 qui

403 2498 528 2530 natus
553 2488 598 2528 in
621 2484 932 2528 adolescentiae
954 2500 1074 2527 meae
1094 2483 1202 2538 flore
1229 2485 1382 2526 aetatis
1401 2481 1463 2525 ad
1485 2483 1647 2525 senium
1659 2479 1932 2542 perducetur,-

405 2569 635 2613 dummodo
660 2580 702 2614 et
731 2569 1004 2626 milzifiweas
1035 2580 1076 2611 et
1100 2585 1165 2611 me
1196 2567 1389 2629 adjuves,
1407 2583 1534 2627 quem.
1566 2577 1710 2609 tamen
1741 2580 1829 2607 non
1855 2563 1931 2608 de-

409 2655 482 2698 bes
513 2658 641 2699 etiarn
671 2654 901 2714 despicere,
925 2671 1028 2696 narn
1053 2665 1098 2696 ut
1122 2654 1226 2696 milii
1244 2670 1332 2696 non
1356 2654 1522 2712 negavit
1546 2650 1649 2694 deus
1679 2649 1934 2693 mediocrem

397 2742 606 2793 sormam.
639 2739 746 2784 Sunt
770 2739 873 2782 mihi
899 2750 1124 2798 praeterea
1155 2755 1256 2799 opes
1287 2737 1463 2792 multae,
1494 2752 1605 2796 quae
1636 2751 1780 2779 omnes
1812 2743 1934 2777 erunt
