2023 3091
546 171 629 226 ²¹4

422 254 673 304 intendere
697 255 741 303 31
766 270 853 301 suo
877 259 1064 300 amante
1089 252 1288 301 Eun-iulo
1303 286 1317 312 ‚
1342 272 1393 301 se
1420 271 1514 301 non
1540 253 1680 303 velen.
1698 257 1821 306 saria
1845 277 1945 309 mo-

417 347 518 396 rire
542 344 808 410 disperata,
831 343 956 390 fussi
997 350 1222 392 contento
1256 344 1340 408 piii
1374 360 1470 391 non
1493 343 1539 392 le
1563 346 1775 394 scrivere
1805 349 1854 395 in
1877 349 1945 397 tel

416 438 570 500 guiso,
594 433 769 498 perche
793 434 876 498 pii:
900 435 1024 480 assai
1048 432 1094 480 la
1117 450 1342 499 premeva
1360 433 1396 481 il
1414 432 1580 482 dolore
1612 435 1700 484 cho
1719 434 1783 484 lei
1806 453 1946 487 eono-

416 544 522 572 seen
547 527 594 570 in
609 524 826 584 Eurialo,
840 523 959 572 ehe'l
980 543 1066 571 suo
1079 526 1295 590 proprio,
1308 541 1483 572 ancora
1496 524 1582 573 che
1602 525 1735 574 fusse
1759 526 1942 592 grande

416 625 461 664 et
486 615 821 663 intollerabile.
855 615 1262 664 Tormentandosi
1290 618 1339 663 in
1365 623 1533 682 questa
1557 616 1713 664 forma
1737 619 1752 663 i
1778 620 1941 666 miseri

413 708 604 766 amanti,
624 707 824 754 Eurialo
855 709 896 754 si
925 707 1117 755 ricorde
1143 706 1191 754 di
1215 707 1376 772 quello
1396 707 1483 754 che
1509 707 1630 754 altra
1648 707 1777 755 volta
1801 709 1941 757 Sosia

411 797 480 863 gli
505 815 646 845 aveva
672 797 802 845 (letto
827 814 913 862 per
937 806 1074 863 parte
1099 797 1148 846 di
1166 800 1417 857 Luerezia‚
1438 797 1658 862 d'aprirsi
1679 815 1705 844 a
1723 798 1940 846 Pandalo

409 887 700 936 consobrino
725 887 773 934 di
795 888 1032 936 Menelao·
1057 888 1101 936 Il
1119 889 1295 953 perche
1315 888 1530 936 delibero
1550 890 1743 954 seguire
1767 888 1812 936 la
1830 907 1937 937 eon-

409 978 662 1027 suetudine
688 977 934 1028 (le'mediei
958 981 1122 1044 periti,
1152 982 1168 1026 i
1191 979 1321 1044 quali
1346 979 1565 1045 sogliono
1591 979 1663 1027 ne'
1678 979 1831 1027 morbi
1855 998 1936 1044 pe-

408 1070 603 1118 ricolosi
629 1088 768 1119 usare
805 1068 980 1119 dubbie
1015 1070 1278 1130 medicine,
1314 1089 1339 1118 e
1374 1071 1491 1134 pero
1527 1071 1672 1117 statui
1695 1070 1884 1134 parlare
1909 1089 1934 1117 3

406 1160 640 1222 Pandam,
665 1170 714 1210 et
736 1168 974 1210 aeeettare
999 1161 1035 1208 il
1058 1161 1260 1210 rimedio
1285 1161 1372 1208 che
1396 1162 1550 1225 prima
1568 1161 1742 1208 rieuso.
1767 1161 1865 1208 Per
1889 1160 1934 1207 13

407 1252 520 1317 qual
544 1270 655 1301 cosa
678 1252 850 1302 mandi>
874 1270 962 1318 per
985 1252 1082 1313 lui,
1113 1270 1139 1300 e
1163 1250 1402 1300 menatolo
1428 1252 1477 1297 in
1501 1268 1687 1298 camera
1711 1251 1778 1316 gli
1798 1251 1933 1315 parlo

408 1345 458 1390 in
479 1352 653 1411 questo
676 1344 831 1393 modo.

673 1525 886 1574 Emuno
910 1542 1022 1574 Arni:
1047 1543 1076 1573 Α
1099 1526 1324 1573 Panno
1344 1543 1386 1572 n„
1412 1541 1498 1572 sno
1517 1540 1668 1572 aaron

873 1633 900 1664 z
923 1632 1145 1665 ramento
1167 1631 1255 1664 cm:
1278 1614 1469 1663 L'Amn.

404 1798 417 1822 c
472 1797 609 1848 Siedi
634 1800 733 1864 qui,
758 1799 927 1859 amieo,
945 1797 1095 1846 molto
1119 1795 1178 1844 da
1200 1813 1276 1844 me
1299 1813 1397 1845 non
1421 1798 1472 1844 in
1494 1795 1674 1862 palese,
1692 1812 1766 1844 ma
1785 1798 1834 1843 in
1854 1814 1932 1845 oe-

400 1890 535 1939 culto
559 1899 726 1939 amato.
750 1892 807 1938 Io
831 1891 864 1938 t'
877 1890 940 1939 ho
963 1908 990 1937 3
1009 1907 1209 1938 narrare
1228 1907 1339 1938 cosa
1357 1887 1406 1938 di
1424 1887 1743 1955 grandissima
1761 1888 1932 1954 impor-

404 1991 555 2030 tanza.
578 1984 674 2030 Piii
697 1984 818 2031 mesi
841 1999 960 2030 sono
983 1983 1162 2047 passati
1191 1981 1278 2031 che
1318 1983 1366 2030 io
1404 1981 1468 2028 ho
1490 1980 1656 2029 voluto
1678 1980 1932 2028 eonferirti

405 2082 574 2139 questo
600 2074 887 2135 medesimo‚
922 2091 999 2122 ma
1034 2091 1132 2122 non
1157 2090 1296 2122 avevo
1331 2072 1380 2120 di
1403 2080 1450 2121 te
1485 2072 1527 2120 si
1561 2072 1715 2120 ferma
1738 2073 1928 2120 notizia.

403 2166 471 2214 Al
495 2175 719 2231 presente
744 2166 1084 2215 eonoseendoti
1106 2165 1344 2232 prudente
1362 2197 1378 2226 ‚
1403 2164 1612 2213 discreto
1630 2180 1656 2211 e
1681 2162 1740 2210 da
1773 2161 1896 2212 hene
1914 2196 1930 2223 ‚

403 2274 501 2304 non
526 2257 787 2306 solamente
812 2259 859 2306 io
884 2257 1030 2306 t’amo
1055 2257 1542 2322 apertissimamente‚
1565 2271 1641 2302 ma
1664 2270 1782 2302 sono
1807 2252 1931 2302 desi-

403 2346 576 2394 deroso
600 2365 626 2393 a
650 2347 765 2394 farti
785 2350 898 2413 ogni
923 2350 1126 2412 piaeere.
1153 2347 1255 2396 Ora
1278 2348 1358 2412 poi
1393 2346 1480 2394 ehe
1514 2344 1560 2391 13
1583 2361 1693 2393 cosa
1718 2347 1759 2392 si
1784 2351 1929 2391 tratta

403 2446 477 2484 tra
503 2437 572 2502 gli
597 2439 752 2498 amici,
776 2439 893 2503 pero
911 2441 944 2485 ti
959 2438 1151 2503 parlero
1165 2436 1602 2485 amielievolmente.
1620 2437 1677 2483 Io
1694 2436 1759 2482 mi
1778 2433 1928 2481 rende

401 2536 534 2576 certo
554 2528 640 2577 che
659 2535 710 2576 tu
726 2531 860 2594 sappi
874 2528 1012 2590 bene,
1027 2529 1072 2576 la
1092 2531 1409 2595 generazione
1428 2544 1598 2574 umana
1611 2543 1706 2574 non
1720 2542 1926 2591 provare

400 2621 482 2685 pii!
507 2618 660 2668 valida
686 2623 908 2687 passione
933 2621 1020 2669 che
1056 2620 1216 2688 quella
1244 2621 1291 2668 la
1324 2620 1464 2687 quale
1492 2619 1553 2667 ha
1587 2619 1776 2684 origine
1801 2616 1928 2665 dallo

402 2726 585 2772 amore,
621 2719 669 2760 et
693 2730 717 2758 3
743 2730 950 2761 nessnna
976 2712 1098 2760 altra
1119 2713 1148 2761 e
1172 2711 1351 2759 l'uomo
1385 2710 1468 2776 piin
1492 2716 1761 2774 sottoposto
1785 2724 1927 2756 ovver

401 2802 895 2865 inclinem-oleQuesta
909 2810 1043 2869 peste
1064 2805 1112 2852 in
1133 2804 1357 2855 ciascuno
1377 2803 1418 2852 si
1437 2798 1603 2853 stende
1618 2819 1633 2866 3
1651 2800 1710 2850 ne
1730 2801 1771 2849 si
1789 2807 1926 2848 treva
