2023 3091
565 134 644 175 108

435 216 538 259 dum
569 227 851 277 oppugnatur,
889 214 1020 269 magis
1051 211 1310 254 incendatur.
1345 212 1456 254 Cura
1497 224 1542 254 ut
1580 215 1703 256 simul
1732 219 1952 259 convenire

433 304 639 360 possimus
655 318 672 355 ,·
702 314 784 358 quo
815 306 963 353 pacto,
994 310 1100 337 mox
1131 296 1420 338 lucmiliabitur
1450 296 1581 337 ardor
1610 297 1949 360 tolerabilior-que

436 386 644 430 reddetur.
681 383 745 424 Tu
770 392 809 423 te
841 383 918 423 scis
951 380 1091 423 aditus
1113 380 1273 424 domus.
1307 380 1396 423 Scis
1418 380 1590 441 quando
1608 384 1670 424 vir
1698 383 1829 427 abest.
1862 384 1950 428 Scis

433 469 607 531 quando
640 465 782 507 valeas
826 463 1102 508 introducere.
1139 465 1294 508 Frater
1334 468 1411 508 viri
1455 465 1734 509 advertendus
1771 478 1850 520 est,
1879 472 1953 529 qui

432 567 494 597 est
524 551 584 593 ad
613 551 692 592 has
714 566 778 593 res
801 553 976 593 nimium
1005 553 1256 610 perspicax,
1287 550 1630 611 Lucretiamque,
1652 562 1870 611 tamquam
1892 552 1953 594 lo-

431 652 526 677 cum
545 636 740 693 germani
770 645 925 691 teneat,
942 651 1099 695 magna
1115 650 1218 676 cura
1241 634 1422 676 custodit
1429 652 1445 689 >⁰
1468 637 1714 695 inversaque
1732 634 1952 678 Lucretiae

431 719 579 772 verba,
609 735 780 762 aversas
811 722 1006 772 cervices,
1022 723 1220 780 gemitus,
1243 731 1449 773 screatus,
1469 722 1630 773 tussim,
1661 722 1766 762 risus
1795 731 1952 766 attente

429 803 678 846 considerat.
715 803 846 846 Hunc
878 803 1046 846 eludere
1077 808 1286 847 sententia
1313 816 1391 856 ωε,-
1412 821 1488 846 nec
1509 807 1597 846 sine
1624 815 1662 846 te
1687 803 1787 864 fieri
1801 813 1952 863 potest.

431 888 599 931 Adesto
625 903 740 946 (²730,
765 898 807 929 et
830 888 1002 946 quando
1027 889 1248 944 abfuturus
1270 892 1322 931 sit
1355 892 1416 930 vir
1441 906 1504 930 me
1530 891 1704 941 instrue,
1729 904 1953 931 remanen-

432 983 598 1030 temque
622 974 812 1027 fratrem
843 969 1019 1024 diverte,
1058 987 1110 1014 ne
1142 984 1279 1014 custos
1307 972 1468 1029 affixus
1500 972 1720 1014 Lucretiae
1752 975 1823 1024 sit,
1853 988 1954 1014 neve

432 1057 624 1100 custodes
655 1056 858 1099 adhibeat
884 1054 1003 1097 alios.
1033 1055 1132 1097 Tibi
1160 1057 1308 1109 cre-(lit,
1329 1069 1387 1110 et,
1411 1058 1528 1117 quod
1551 1058 1612 1099 dii
1625 1058 1811 1113 ι[ἀπσίηι]
1846 1056 1956 1098 hanc

429 1144 611 1195 fortasse
641 1142 904 1200 provinciam
931 1139 1010 1182 tibi
1041 1142 1286 1194 comnzittet5
1317 1157 1446 1200 quam
1475 1144 1512 1183 si
1549 1144 1795 1202 susceperis,
1820 1152 1861 1184 et
1891 1157 1955 1183 me

424 1228 604 1287 juveris,
634 1237 678 1268 ut
702 1241 845 1285 spero,
876 1227 1032 1286 juvata
1059 1241 1123 1268 res
1154 1236 1229 1268 est.
1260 1225 1427 1268 Poteris
1460 1228 1572 1268 enim
1598 1243 1662 1268 me
1691 1225 1822 1278 clam,
1855 1224 1956 1267 dum

434 1312 595 1352 caeteri
623 1309 851 1362 dormient,
882 1312 1154 1352 intromittere
1181 1319 1223 1351 et
1247 1325 1432 1352 amorem
1467 1308 1586 1352 linire
1621 1311 1846 1363 furentem.
1881 1308 1958 1350 Ex

437 1395 501 1436 his
532 1405 635 1454 quot
665 1405 880 1453 emergant
911 1395 1109 1436 utilitates
1137 1394 1321 1436 arbitror
1350 1406 1389 1436 te
1412 1410 1492 1454 pro
1525 1406 1598 1437 tua
1621 1393 1849 1454 prudentia
1872 1409 1956 1453 pa-

436 1478 525 1520 lam
556 1494 737 1521 cernere.
769 1477 967 1520 Seruabis
990 1494 1173 1538 namque
1195 1481 1235 1520 in
1260 1481 1405 1537 prunis
1427 1479 1629 1520 honorem
1654 1477 1821 1529 domus,
1842 1494 1958 1519 amo-

436 1580 525 1607 rem
556 1576 713 1624 tegens,
743 1567 818 1624 qui
840 1581 926 1606 non
948 1575 1089 1623 posset
1121 1564 1282 1623 absque
1313 1576 1450 1607 vestra
1476 1566 1654 1622 infamia
1679 1565 1798 1606 mani
1816 1566 1956 1606 testari.

435 1647 664 1692 Sobrinatn
691 1661 807 1691 tuam
847 1652 891 1690 in
936 1652 1020 1691 wita
1047 1649 1204 1691 tenebis
1222 1667 1236 1689 .·
1275 1648 1478 1692 ΖΙῙσηεΙαο
1518 1665 1698 1691 uxorem
1734 1647 1959 1700 custodies,

434 1736 504 1776 cui
532 1750 620 1775 non
657 1745 744 1775 tam
780 1733 899 1775 obest
945 1750 1030 1774 una
1075 1750 1168 1776 nox
1198 1734 1301 1775 milti
1340 1751 1537 1776 concessa
1569 1737 1715 1776 nesciis
1747 1733 1958 1784 omnibus,

431 1833 562 1877 quam
577 1819 630 1868 si,
655 1819 808 1858 sciente
836 1816 1015 1876 populo,
1047 1816 1165 1858 illam
1188 1816 1420 1877 perdiderit
1443 1834 1508 1860 me
1526 1829 1780 1878 sequentem.
1805 1818 1957 1877 Nupta

431 1900 632 1944 Senatori
663 1900 884 1954 Romano,
908 1913 1052 1944 secuta
1077 1913 1139 1944 est
1156 1900 1286 1961 Ippia
1303 1901 1462 1944 nudum
1479 1901 1695 1962 Apharon
1716 1901 1777 1944 ad
1791 1901 1959 1955 Nilum,

426 1988 680 2048 famosaque
707 1989 877 2029 moenia
909 1986 1029 2046 Lagi.
1068 1985 1186 2043 Quid
1214 1990 1251 2029 si
1275 2004 1339 2029 me
1371 1987 1487 2029 domi
1518 1987 1702 2031 nobilem
1727 1999 1853 2047 atque
1880 2004 1957 2047 po-

431 2082 585 2113 tentem
612 2071 808 2114 Lucretia
839 2076 959 2132 sequi
976 2084 1155 2126 statuat,
1185 2072 1302 2133 quod
1315 2072 1495 2116 dedecus
1518 2075 1641 2116 vestri
1659 2076 1841 2132 generis,
1865 2076 1956 2132 quis

426 2154 577 2213 populi
607 2158 730 2209 risus,
761 2172 891 2216 quae,
916 2158 1072 2199 nedum
1104 2168 1258 2210 vestra,
1289 2157 1365 2200 sed
1395 2161 1519 2200 totius
1536 2160 1714 2200 civitatis
1745 2158 1958 2210 infamia?

429 2238 601 2281 Diceret
615 2241 807 2295 Jbrsitan
839 2241 1020 2300 aliquis:
1050 2240 1315 2283 absumenda
1348 2245 1490 2301 potius
1525 2244 1673 2298 ferro,
1704 2253 1780 2284 aut
1811 2244 1956 2284 extin-

424 2323 596 2384 guenda
627 2329 794 2367 venenis
826 2338 886 2368 est
918 2328 1086 2380 mulier,
1105 2344 1236 2387 quam
1266 2327 1312 2369 id
1333 2327 1547 2388 agat.Secl
1577 2329 1682 2371 vaelz
1715 2328 1777 2370 illi
1805 2331 1878 2388 qui
1912 2345 1955 2371 se

429 2409 616 2451 humano
641 2413 842 2468 sanguine
861 2411 1030 2470 polluit,
1046 2423 1087 2454 et
1103 2413 1257 2472 majori
1278 2412 1432 2455 scelere
1460 2412 1645 2455 vindicat
1671 2415 1819 2454 minus.
1852 2411 1957 2453 Non

428 2494 626 2554 augenda
656 2505 753 2536 sunt
777 2494 912 2549 mala,
933 2496 1008 2538 secl
1027 2497 1269 2540 minuenda.
1295 2498 1400 2539 lVon
1425 2497 1609 2555 tantum}
1624 2498 1702 2539 hoc
1725 2499 1874 2539 scimus
1897 2513 1957 2539 ex

430 2578 594 2622 duobus
611 2579 734 2622 bonis
750 2579 894 2622 melius
911 2581 1163 2640 eligendum,
1183 2592 1258 2624 aut
1273 2599 1332 2625 ex
1350 2582 1462 2624 malo
1486 2593 1526 2624 et
1543 2582 1655 2624 bono
1679 2581 1796 2642 quod
1815 2585 1868 2624 sit
1884 2582 1956 2624 bo-

428 2680 549 2717 nnm;
564 2663 641 2707 sed
652 2675 693 2708 et
708 2681 767 2707 ex
783 2663 905 2707 malis
923 2664 1084 2708 duobus
1101 2666 1217 2727 quod
1240 2670 1375 2709 minus
1393 2666 1512 2709 obsit.
1532 2665 1680 2708 Omnis
1698 2670 1764 2710 via
1777 2667 1957 2727 periculi

427 2747 558 2806 plena
589 2760 660 2792 cst.
696 2748 784 2792 Sed
820 2750 926 2793 haec
963 2765 1092 2810 quam
1125 2763 1311 2795 monstro
1344 2754 1478 2794 minus
1519 2751 1648 2794 habet
1687 2751 1959 2804 discriminis,
