2023 3091
541 155 597 206 44

429 234 682 295 loquemur,-
710 244 751 279 et
780 247 906 278 canes
936 240 979 274 et
994 239 1136 289 postes
1165 241 1206 276 et
1235 247 1452 276 marmora
1479 243 1519 278 te
1543 237 1814 282 accusabunt.
1848 238 1937 283 At-

428 335 510 380 que
540 330 588 364 uc
615 321 721 364 celes
751 318 911 368 omnia,
939 315 1012 374 qui
1043 314 1154 359 videt
1182 319 1327 360 omnia
1362 315 1500 361 celare
1524 333 1612 361 non
1639 331 1758 379 potes
1781 322 1936 367 Deum.

429 404 556 448 Disce
572 421 700 465 quam
716 414 917 460 praesens
936 413 1085 458 poena
1105 402 1158 443 sit
1172 403 1374 444 anoeietas
1394 403 1587 446 consciae
1602 407 1769 459 mentis,
1786 417 1828 450 et
1846 410 1938 451 ani-

428 506 520 534 mus
535 489 658 548 culpa
673 485 824 545 plenus
853 500 980 545 seque
1004 487 1140 545 ipsum
1165 488 1326 530 timens.
1341 486 1514 548 Negata
1533 499 1596 532 est
1619 492 1781 550 magnis
1805 492 1934 536 scele-

429 570 669 634 ribusfides.
693 567 918 629 Compesce
938 569 1111 613 obsecro
1127 573 1246 631 impii
1258 573 1630 632 amorisflammas
1641 590 1657 615 .·
1675 573 1845 635 expelle
1854 577 1937 633 fa-

428 662 543 701 cinus
565 664 701 698 mente
733 665 853 698 casta
883 654 1111 700 horridum.
1142 656 1290 702 Metue
1323 658 1566 702 concubitus
1598 674 1729 704 novos
1764 662 1935 705 miscere

429 739 624 785 thalamis
654 741 808 784 mariti.
829 765 888 775 —

483 992 581 1038 Scio
613 1002 770 1037 rectum
800 1007 888 1037 esse
908 991 1025 1054 quod
1047 992 1173 1049 dicis,
1203 994 1343 1039 retulit
1364 994 1588 1051 Lucretia,
1617 995 1694 1040 sed
1707 999 1844 1055 furor
1861 1014 1936 1042 co-

420 1080 481 1138 git
512 1080 632 1139 sequi
656 1079 821 1139 pejora.
853 1075 943 1121 Scit
971 1078 1139 1120 animus
1169 1089 1375 1137 quantum
1402 1082 1695 1140 praecipitium
1720 1083 1868 1136 instat,
1897 1092 1940 1125 el

425 1165 519 1206 ruit.
554 1163 700 1208 Vincit
732 1173 775 1206 et
803 1172 952 1223 regnat
963 1163 1124 1218 furor,
1145 1171 1377 1221 potensque
1409 1174 1546 1206 mente
1577 1174 1668 1207 tota
1697 1164 1940 1209 dominatur

423 1263 559 1291 amor.
589 1245 686 1292 Stat
709 1248 828 1307 sequi
850 1244 968 1307 quod
986 1261 1157 1304 regnum
1174 1244 1298 1306 jubet
1325 1247 1494 1289 amoris.
1515 1246 1673 1301 Nimis,
1694 1248 1796 1303 lieu,
1815 1250 1940 1292 nimis

426 1330 633 1374 reluctata
661 1347 754 1374 sum
768 1332 954 1385 frustra.
983 1328 1137 1386 Perfer
1148 1360 1166 1383 ,
1193 1331 1230 1371 si
1264 1331 1347 1372 mei
1380 1339 1419 1373 te
1455 1331 1651 1387 miseret,
1676 1334 1879 1375 nuntium.

484 1499 696 1562 Ingemuit
720 1501 925 1561 superbis
950 1498 1117 1544 Sosius:
1139 1516 1295 1560 perque
1312 1499 1410 1554 has,
1423 1498 1554 1555 dixit,
1571 1517 1703 1545 canas
1728 1513 1937 1546 senectute

424 1589 836 1646 comas,sessumque
853 1588 961 1629 curis
975 1596 1121 1645 pectus
1137 1596 1178 1628 et
1190 1584 1278 1635 fida
1295 1601 1404 1645 quae
1418 1585 1601 1645 praebui
1609 1589 1755 1646 generi
1770 1598 1840 1630 tuo
1857 1603 1941 1631 ser·

425 1671 550 1724 vitia,
575 1685 758 1730 praecor
779 1669 964 1730 supplex
993 1671 1088 1711 siste
1094 1670 1312 1725 fiirorem,
1336 1680 1456 1729 teque
1481 1671 1618 1728 ipsam
1641 1669 1812 1731 adjuva.
1828 1670 1944 1714 Pars

424 1757 619 1797 sanitatis
635 1765 698 1798 est
716 1753 819 1798 velle
840 1755 1000 1797 sanari.
1015 1779 1074 1787 —-
1090 1753 1201 1796 Tum
1217 1752 1438 1797 Lucretia:
1453 1769 1539 1797 non
1560 1756 1714 1810 omnis,
1727 1757 1807 1810 ait,
1827 1757 1942 1815 inge-

426 1840 543 1881 nium
571 1838 738 1898 reliquit
763 1837 928 1898 pudor:
955 1838 1117 1898 parebo
1143 1838 1237 1892 tibi,
1261 1836 1428 1882 Sosias:
1452 1854 1641 1881 amorem
1664 1841 1738 1899 qui
1757 1841 1838 1898 tegi
1856 1854 1944 1882 non

427 1922 526 1982 vult,
540 1925 718 1967 vincam.
733 1922 945 1983 Eſjugium
960 1934 1024 1967 est
1043 1923 1168 1983 liujus
1184 1922 1454 1982 malipnorte,
1470 1934 1514 1966 ut
1525 1925 1798 1983 praeveniam
1809 1925 1943 1979 ruffus.

487 2173 729 2219 Exterritus
750 2174 831 2218 hac
851 2173 995 2219 Sosias
1016 2190 1114 2219 voce
1130 2191 1145 2215 .·
1177 2173 1396 2235 moderare
1413 2206 1430 2229 ,
1459 2177 1611 2235 inquit,
1640 2175 1770 2229 hera,
1794 2177 1942 2218 mentis

428 2258 632 2317 effraenes
656 2262 856 2320 impetus:
886 2276 1029 2303 coerce
1060 2262 1236 2302 animos.
1268 2259 1397 2302 Nunc
1428 2262 1512 2303 vita
1537 2275 1580 2303 es
1601 2259 1748 2320 digna,
1777 2262 1880 2321 quia
1904 2271 1944 2304 te

428 2359 506 2388 nec
527 2343 698 2403 dignam
714 2355 854 2403 putas.
872 2370 926 2376 —
945 2344 1172 2387 Decretum
1192 2354 1254 2386 est
1263 2375 1280 2398 ³
1299 2346 1364 2386 ait
1382 2343 1604 2399 Lucretia,
1625 2346 1744 2387 mori.
1770 2343 1946 2386 Admis-

429 2444 519 2471 sum
536 2428 668 2472 scelus
693 2427 894 2472 Collatini
917 2445 1029 2472 uxor
1050 2429 1194 2489 gladio
1220 2428 1454 2473 vindicavit.
1481 2428 1571 2489 Ego
1588 2429 1800 2472 honestius
1822 2443 1947 2488 prae-

430 2516 596 2557 veniam
625 2525 756 2558 morte
781 2513 1134 2558 conmu'ttendum.
1163 2513 1311 2558 Genus
1338 2513 1440 2557 letlti
1462 2529 1639 2574 quaero:
1660 2513 1833 2574 laqueo,
1847 2514 1945 2569 ser-

433 2613 480 2640 re
490 2631 507 2653 9
523 2600 770 2659 praecipitio
782 2631 798 2654 ,
822 2614 980 2642 veneno
1007 2599 1219 2642 vindicare
1240 2601 1476 2642 castitatem
1496 2598 1602 2642 licet.
1633 2598 1771 2641 Unum
1797 2598 1946 2640 horum

434 2700 452 2725 c
467 2683 664 2726 wrcclmr.
687 2709 705 2718 -
727 2684 830 2727 Non
852 2687 1022 2743 patiar,
1051 2686 1185 2744 iuquit
1220 2683 1377 2728 Sosias.
1400 2708 1417 2716 -
1446 2682 1510 2726 At
1536 2682 1731 2726 Lucretia
1749 2700 1762 2723 .·
1794 2684 1832 2725 si
1854 2683 1945 2742 quis

436 2770 542 2810 mori
568 2769 796 2822 constituit,
825 2767 1040 2827 prohiberi
1072 2785 1158 2811 non
1185 2779 1335 2827 potest.
1367 2766 1525 2812 Porcia
1557 2766 1749 2822 Catonis,
1780 2775 1943 2809 mortuo
