2023 3091
526 112 605 155 132

399 200 562 258 ceisque
594 195 746 238 amicis
773 207 877 243 usa,
902 202 1120 247 nunquam
1140 187 1321 248 posthac
1341 197 1515 230 cantare
1535 187 1684 232 audita
1705 200 1767 232 est
1776 221 1792 243 ,
1812 205 1919 233 nun-

398 298 529 343 quam
558 283 646 324 visa
677 275 840 326 ridere,
867 271 993 314 nullis
1007 274 1209 328 facetiis,
1240 271 1356 316 nullo
1378 271 1562 332 gaudio,
1585 271 1710 316 nullis
1733 289 1922 334 unquam

391 367 500 426 jocis
531 369 573 407 in
603 361 808 404 laetitiam
834 359 973 417 potuit
999 360 1197 400 revocari.
1223 356 1319 415 Quo
1345 359 1389 399 in
1413 367 1528 400 statu
1547 355 1648 398 dum
1668 355 1919 417 aliquandiu

396 455 660 510 perseverat,
685 442 988 502 aegritudinem
1013 441 1168 486 incidit.
1192 441 1252 484 Et
1274 444 1375 502 quia
1402 457 1476 484 cor
1494 457 1614 483 suum
1633 441 1812 494 aberat,
1831 441 1923 484 nul-

399 533 524 591 laque
554 529 688 570 menti
718 525 952 570 consolatio
992 525 1089 568 dari
1120 535 1325 586 poterat,
1365 528 1476 568 inter
1511 523 1686 567 multum
1713 523 1923 584 plorantis

398 612 573 657 brachia
592 613 758 665 matris,
773 628 825 654 ac
839 610 1219 664 collaclzrymantes
1235 611 1453 666 etfruscra
1474 608 1764 652 consolatoriis
1785 609 1920 652 verbis

397 709 557 743 utentes
577 699 860 751 necessarios,
886 696 1175 757 indignantem
1199 698 1387 738 animam
1409 695 1613 739 exalavit.

459 781 661 824 Eurialus
695 791 926 840 postquam
967 797 1027 823 ex
1064 779 1196 823 oculis
1225 795 1447 838 nunquam
1486 796 1529 822 se
1567 777 1747 839 amplius
1778 780 1922 820 visuris

395 866 527 920 abiit,
557 864 664 908 nulli
692 866 804 906 inter
837 863 1026 907 eundum
1057 862 1245 916 locutus,
1275 863 1411 906 solam
1445 866 1489 905 in
1520 874 1657 906 mente
1682 863 1924 906 Lucretiam

392 949 592 1011 gerebat,
621 958 664 991 et
692 964 754 989 an
785 961 976 1005 unquam
1006 948 1156 988 reverti
1191 958 1335 1005 posset
1372 947 1669 989 meditabatur.
1709 947 1753 990 V
1754 949 1922 1007 enitque

396 1032 572 1076 tandem
600 1029 663 1073 ad
691 1029 919 1073 Caesarem
948 1016 1138 1070 Perusiis
1177 1039 1453 1083 manentem,
1479 1046 1604 1090 quem
1634 1029 1787 1072 deinde
1818 1029 1923 1072 Fer-

396 1118 557 1160 rariam
568 1147 587 1169 ,
616 1113 882 1167 Mantuam,
917 1111 1193 1166 Tridentum,
1224 1112 1514 1155 Constantiam
1546 1124 1588 1156 et
1612 1113 1833 1156 Basileam
1857 1129 1922 1156 se-

397 1211 516 1244 cutus
551 1209 641 1257 est,
670 1214 722 1241 ac
754 1196 925 1240 demum
958 1199 1002 1238 in
1042 1196 1274 1256 Ungariam
1303 1206 1432 1256 atque
1466 1195 1730 1240 Bohemiam.
1762 1196 1858 1241 Sed'
1876 1208 1922 1239 ut

398 1288 486 1344 ipse
518 1283 772 1336 Caesarem,
800 1285 859 1325 sic
890 1298 987 1325 eum
1018 1281 1216 1324 Lucretia
1247 1281 1502 1341 sequebatur
1531 1284 1575 1324 in
1605 1284 1794 1335 somnis,
1822 1281 1921 1324 nul-

398 1370 568 1430 lamque
599 1380 765 1411 noctem
795 1369 878 1410 sibi
907 1370 1094 1429 quietam
1117 1367 1402 1426 permittebat.
1432 1367 1576 1425 Quam
1606 1378 1653 1410 ut
1681 1368 1831 1411 obiisse
1857 1383 1921 1410 ve-

398 1468 469 1497 rus
499 1463 668 1496 amator
697 1455 894 1512 agnovit,
924 1467 1077 1511 magno
1109 1451 1254 1494 dolore
1283 1463 1497 1512 permotus
1526 1451 1742 1511 lugubrem
1768 1462 1921 1494 vestem

399 1540 583 1597 recepit,
613 1553 690 1580 nec
721 1535 1056 1579 consolationem
1086 1535 1281 1589 admisit,
1312 1538 1392 1578 nisi
1418 1547 1645 1596 postquam
1678 1535 1838 1579 Caesar
1860 1552 1921 1579 ex

398 1621 543 1665 ducali
569 1623 771 1682 sanguine
793 1624 990 1681 virginem
1015 1632 1102 1664 tum
1116 1668 1120 1673 ,
1122 1623 1362 1676 formosam
1386 1632 1475 1663 tum
1492 1623 1767 1664 castissimam
1791 1632 1921 1681 atque

396 1706 649 1767 prudentem
677 1708 947 1748 matrimonio
974 1708 1212 1766 conjunxit.

459 1789 614 1833 ,Habes
638 1792 796 1832 amoris
827 1792 990 1833 exitum
1007 1823 1024 1844 ,
1048 1790 1251 1833 Mariane
1285 1793 1344 1832 mi
1372 1792 1661 1833 amantissime
1680 1822 1695 1843 ,
1725 1805 1812 1832 non
1833 1788 1921 1851 ficti

401 1891 537 1937 neque
558 1873 708 1929 felicis.
745 1873 883 1932 Quem
922 1878 996 1936 qui
1040 1875 1211 1934 legerint
1253 1875 1484 1936 periculum
1530 1892 1589 1917 ex
1619 1874 1712 1917 aliis
1727 1876 1921 1931 jaciant,

403 1958 522 2019 quod
550 1959 631 2002 sibi
661 1976 721 2003 ex
746 1977 822 2002 usu
846 1959 933 2021 fiet.
951 1960 1045 2004 Nec
1061 1963 1313 2003 amatorium
1331 1961 1472 2004 bibere
1496 1960 1691 2019 poculum
1707 1959 1920 2012 studeant,

405 2042 523 2102 quod
547 2043 666 2104 longe
694 2044 791 2106 plus
816 2045 933 2088 aloes
966 2045 1096 2089 habet
1125 2062 1255 2106 quam
1286 2045 1428 2089 mellis.
1461 2044 1583 2087 Vale.
