2023 3091
514 146 567 195 4²

402 225 590 283 pectore!
614 223 755 268 Aliud
777 234 839 268 est
860 223 1076 264 hominum
1096 236 1228 280 genus
1253 238 1383 283 quam
1398 223 1515 282 quod
1530 236 1643 268 terra
1656 237 1804 270 nostra
1817 243 1919 287 pro-

401 307 542 352 ducat.
564 307 719 353 Semen
743 309 820 349 hoc
836 304 1011 346 deorum
1036 314 1115 359 est,
1130 316 1205 348 aut
1229 307 1346 349 coelo
1360 309 1488 349 missa
1500 312 1732 367 progenies.
1752 310 1794 353 0
1808 314 1846 354 si
1859 325 1920 354 ex

402 394 468 436 his
479 394 582 436 milii
593 395 908 445 virumjortuna
924 386 1127 431 dedisset!
1140 388 1242 433 Nisi
1256 402 1378 433 testes
1396 390 1509 433 oculi
1522 402 1676 447 essent,
1689 410 1920 456 numquam

405 478 483 521 tibi
509 479 614 521 haec
633 475 829 519 narranti
851 471 1118 516 credidissem
1133 506 1151 528 ,
1174 478 1251 518 etsi
1265 477 1400 532 fama
1415 478 1576 532 fuerit,
1591 467 1810 536 praestare
1831 495 1921 522 om·

405 562 528 609 nibus
549 557 739 620 gentibus
757 555 1019 600 Germanos.
1037 557 1172 602 Credo
1189 559 1423 619 subjectam
1442 559 1610 603 Boreae
1612 562 1720 617 fore
1731 561 1923 621 plagam,

406 658 448 689 et
461 662 519 688 ex
537 644 691 700 frigore
716 657 870 702 magno
893 641 1136 685 albedinem
1152 647 1321 686 mutari.
1343 642 1432 687 Sed
1449 647 1590 687 nostin
1606 655 1650 686 tu
1665 644 1924 705 aliquos?—

407 724 767 785 Quamplurimos,
787 728 923 788 inquit
938 725 1096 770 Sosias.
1113 753 1131 761 -
1153 727 1265 771 Tum
1286 727 1506 772 Lucretia:
1522 727 1925 782 Eurialumfiunco-

404 827 498 854 nem
512 811 655 852 nosti?
667 836 687 843 -
711 809 955 872 Tamquam
975 829 1040 855 me
1043 845 1060 866 ,
1080 815 1143 855 ait
1162 811 1320 856 Sosias.
1339 812 1424 856 Cur
1445 824 1588 856 tamen
1604 813 1682 856 hoc
1699 814 1854 874 rogas?
1867 840 1925 848 -

402 895 558 938 Dicam
573 926 591 948 ,
614 896 752 955 inquit
773 894 985 938 Lucretia.
1011 895 1110 940 Scio
1138 897 1256 957 quod
1279 900 1324 940 in
1348 908 1543 958 apertum
1567 913 1656 940 non
1683 897 1783 940 ibit:
1814 898 1926 950 lianc

401 995 520 1039 spem
543 979 648 1021 mila·
681 990 756 1021 tua
788 978 958 1021 bonitas
979 982 1110 1036 facit.
1148 981 1224 1023 Ex
1256 985 1306 1024 iis
1331 984 1406 1042 qui
1431 981 1607 1025 Caesari
1635 992 1778 1025 astant
1804 997 1928 1025 nemo

403 1064 507 1106 mihi
524 1062 703 1106 Eurialo
729 1074 792 1106 est
811 1066 993 1123 gratior:
1020 1065 1065 1105 in
1090 1064 1201 1107 hunc
1222 1067 1389 1108 animus
1414 1077 1645 1109 commotus
1671 1078 1744 1110 est.
1770 1066 1927 1109 Nescio

403 1150 556 1212 quibus
585 1166 748 1194 exuror
757 1151 958 1210 flammis
969 1183 987 1205 ,
1025 1166 1103 1193 nec
1142 1148 1263 1192 illum
1291 1151 1512 1206 oblivisci,
1541 1169 1617 1196 nec
1648 1153 1752 1195 milii
1779 1169 1930 1213 pacem

401 1251 576 1295 possum
596 1234 726 1288 dare,
755 1237 838 1277 nisi
860 1237 901 1277 ei
923 1251 989 1277 me
1009 1236 1127 1289 facio
1154 1245 1314 1277 notam.
1339 1234 1503 1295 Perge,
1527 1251 1628 1289 oro,
1658 1235 1806 1279 Sosia:
1831 1253 1930 1279 con·

406 1322 503 1361 veni
525 1317 773 1360 Eurialum:
803 1317 871 1360 dic
896 1334 961 1360 me
993 1321 1132 1377 ipsum
1162 1334 1324 1362 amare.
1356 1319 1437 1362 Nil
1461 1318 1555 1362 volo
1587 1335 1647 1362 ex
1667 1330 1706 1362 te
1731 1318 1933 1380 amplius,

407 1418 485 1446 nec
516 1413 561 1444 tu
574 1404 748 1460 flustra
769 1402 849 1445 lzoc
881 1404 1076 1444 nuntium
1089 1404 1256 1456 facies.
1275 1429 1335 1435 —

472 1486 591 1545 Quid
613 1486 764 1542 audio,
795 1489 924 1540 refert
954 1484 1114 1529 Sosias.
1149 1487 1368 1530 Ilaeccine
1400 1504 1466 1530 me
1491 1488 1655 1548 flagitia
1670 1489 1826 1544 facere
1857 1499 1934 1532 aut

407 1575 590 1632 cogitare
610 1603 624 1624 ,
653 1572 790 1615 hera?
820 1570 1017 1613 Prodam
1042 1588 1095 1614 ne
1128 1587 1201 1632 ego
1233 1570 1474 1626 dominum,·
1494 1574 1675 1632 jamque
1700 1589 1836 1616 senex
1865 1575 1932 1615 in-

407 1660 563 1718 cipiam
566 1657 731 1714 fallere
752 1656 870 1717 quod
883 1658 1054 1717 juvenis
1085 1657 1324 1700 abhorrui?
1353 1655 1470 1714 Quin
1491 1660 1652 1717 potius,
1683 1658 1803 1701 clara
1830 1673 1934 1718 pro-

404 1746 548 1804 genies
578 1743 702 1804 liujus
723 1742 857 1796 urbis,
881 1745 1076 1803 extirpas
1097 1742 1310 1800 nefandas
1329 1744 1531 1797 flammas
1552 1760 1574 1786 e
1590 1754 1706 1786 casto
1725 1754 1895 1804 pectore
1908 1743 1935 1784 Ρ

412 1828 506 1872 Nec
533 1828 762 1888 obsequere
787 1827 907 1870 dirae
929 1830 1034 1887 spei:
1057 1830 1257 1887 extingue
1287 1830 1437 1888 ignem.
1464 1827 1570 1870 Non
1593 1843 1715 1888 aegre
1747 1843 1934 1871 amorem

409 1913 559 1973 pellit,
595 1915 670 1974 qui
701 1914 848 1973 primis
885 1913 1029 1955 obstat
1060 1912 1295 1955 insultibus.
1335 1911 1423 1969 Qui
1464 1911 1584 1956 dulce
1617 1912 1776 1955 malum
1807 1912 1935 1956 blan-

412 1998 568 2042 diendo
591 2000 752 2051 nutrit,
776 1997 872 2039 duri
906 2009 946 2041 et
978 1997 1195 2041 insolentis
1225 1997 1390 2040 domini
1418 2000 1605 2040 servituti
1633 2014 1676 2040 se
1707 1997 1785 2040 dat
1792 2029 1808 2051 ,
1839 2014 1936 2050 nec,

414 2100 510 2124 cum
541 2083 628 2125 vult
642 2115 659 2135 9
689 2093 888 2126 excutere
912 2084 1063 2143 jugum
1098 2092 1250 2142 potest.
1293 2080 1423 2138 Quod
1458 2084 1496 2123 si
1524 2082 1603 2123 lzoc
1633 2084 1801 2124 resciret
1840 2099 1936 2124 ma..

417 2171 550 2220 ritus,
587 2168 668 2209 lieu
699 2166 850 2227 quibus
890 2178 928 2209 te
970 2167 1038 2210 ille
1071 2167 1280 2209 laceraret
1309 2165 1478 2208 modis!
1509 2165 1666 2208 Nullus
1700 2165 1774 2208 cliu
1804 2165 1936 2210 latere

413 2261 553 2312 potest
576 2266 709 2293 amor.
727 2276 786 2283 —

479 2336 526 2379 T
521 2353 615 2389 ace,
636 2338 772 2396 inquit
795 2335 1020 2392 Lucretia7·
1052 2336 1159 2379 nihil
1179 2335 1262 2378 loci
1292 2338 1441 2377 terrori
1469 2345 1544 2378 est.
1574 2335 1698 2378 Nihil
1730 2338 1847 2379 timet
1865 2338 1939 2395 qui

419 2439 506 2465 non
521 2425 637 2465 timet
660 2423 778 2462 mori.
803 2419 1117 2481 Quemcumque
1142 2421 1306 2464 dederit
1324 2423 1487 2463 exitum
1508 2437 1648 2474 casus,
1659 2424 1822 2476 seram.
1850 2446 1909 2454 —-

483 2506 581 2563 Quo
602 2509 754 2549 misera
782 2510 940 2565 petgis,
972 2506 1116 2549 Sosius
1148 2505 1285 2550 retulit
1294 2527 1313 2565 ,-
1343 2505 1514 2548 domum
1546 2508 1748 2562 irficmem
1773 2504 1938 2559 reddis,-

421 2594 596 2654 solaque
634 2595 694 2636 tui
724 2597 802 2636 eris
837 2596 1000 2653 generis
1040 2592 1248 2635 adultera.
1292 2591 1336 2634 T
1332 2601 1448 2634 utum
1491 2607 1578 2634 esse
1604 2593 1783 2648 facinus
1824 2592 1937 2633 reris.

424 2677 546 2719 Mille
576 2681 688 2720 circa
711 2689 749 2721 te
771 2677 881 2720 oculi
913 2687 1020 2719 sunt.
1055 2676 1160 2718 Non
1194 2679 1302 2719 sinet
1331 2677 1517 2735 genitrix
1552 2674 1760 2717 occultum
1782 2673 1938 2716 scelus.-

425 2778 513 2806 non
533 2766 618 2815 vir,
648 2780 735 2805 non
766 2765 950 2823 cognati,
980 2778 1067 2805 non
1087 2762 1282 2806 ancillae.
1314 2761 1433 2805 Servi
1457 2771 1503 2803 ut
1526 2770 1696 2803 taceant
1705 2780 1734 2814 ,ο
1745 2761 1940 2819 jumenta
