2023 3091
484 126 504 148 ,Α
518 111 531 126 1

488 127 779 234 liiJUSDEM
810 183 1020 230 AENEAE
1046 183 1368 230 EPISTULA
1401 185 1757 231 AMATORJA

363 358 653 414 Sigssmundus,
689 354 869 398 Austriac
902 350 998 410 dux,
1041 356 1077 396 S.
1110 370 1150 413 p.
1185 353 1224 395 (1.
1268 360 1308 395 et
1348 353 1527 411 scipsum
1569 350 1643 396 dat
1686 355 1874 412 singulari

418 440 608 484 donfinac
640 452 747 490 suae,
773 436 919 492 insigni
946 445 986 479 et
1011 437 1328 480 formosissimae
1357 437 1496 494 virgini
1523 439 1750 496 Lucretiae,
1769 439 1875 495 regis

419 527 566 568 Daciae
590 521 704 562 filiae.

434 691 454 731 Ι
469 688 564 729 'elui
608 696 647 729 te
692 689 858 746 saepius
905 686 1070 746 alloqui
1110 702 1381 747 amoremque
1425 704 1564 730 meum
1611 687 1686 729 tibi
1726 698 1873 731 notum

353 771 539 831 ‹Js'iceroe
563 769 648 813 sed.
667 781 787 813 aetas
813 786 910 813 mea
938 772 1061 813 nimis
1093 769 1234 812 adhuc
1267 769 1504 813 verecunda
1534 781 1615 824 est,
1643 787 1754 831 quae
1786 785 1874 814 non

349 857 511 914 patitur
539 853 656 915 quod
685 856 797 896 intra
829 870 895 896 me
925 856 1059 896 sentio
1076 856 1193 911 fhris
1225 856 1360 897 exire.
1391 852 1535 911 Quam
1556 857 1740 914 primum
1770 857 1872 898 inci-

347 943 419 997 pio
452 938 591 998 loqui,
619 953 726 980 mox
756 937 889 980 rubor
914 936 1040 979 adest
1056 968 1072 990 ‚
1109 940 1232 981 timor
1262 938 1437 998 impedit
1464 950 1505 982 et
1535 937 1681 982 mediis
1715 954 1802 982 vox
1828 941 1874 981 in

346 1023 541 1072 faucibus
577 1024 722 1065 haeret
734 1052 751 1075 ³
786 1037 863 1063 nec
902 1023 1088 1079 cogitata
1132 1037 1305 1080 possum
1347 1024 1481 1081 effari.
1532 1023 1680 1067 Timeo
1727 1022 1872 1066 mode-

345 1110 469 1150 stiam
502 1119 618 1150 tuam
643 1123 697 1149 ne
729 1122 794 1148 me
820 1115 985 1165 arguat.
1017 1103 1183 1148 Vereor
1212 1105 1432 1150 adstantes
1457 1124 1511 1151 ne
1541 1125 1606 1151 me
1637 1106 1872 1151 derideant.

344 1193 560 1236 Horresco
593 1193 798 1251 meipsum
829 1207 882 1233 ne
915 1189 1157 1233 balbutiens
1176 1189 1296 1253 stam.
1326 1189 1399 1233 Ac
1430 1190 1484 1234 de
1511 1202 1551 1234 te
1575 1191 1693 1251 quod
1714 1202 1872 1236 statue-

345 1291 439 1318 ram
481 1275 618 1318 dicere
633 1305 651 1330 ,
694 1274 861 1318 decrevi
899 1273 1044 1317 litteris
1085 1276 1374 1329 committere5
1412 1273 1530 1334 quod
1565 1274 1743 1335 epistola
1785 1291 1873 1318 non

344 1360 550 1403 erubescit
564 1391 582 1414 ,
625 1374 714 1402 non
744 1361 960 1418 suspirat,
999 1373 1088 1401 non
1118 1360 1235 1401 timet
1262 1374 1531 1418 quemquam.
1562 1357 1764 1403 Forsitan
1799 1375 1872 1403 ar-

343 1443 473 1486 duum
499 1442 664 1503 aliquid
693 1453 734 1486 et
756 1441 1004 1502 perdffcile
1027 1442 1340 1502 postulaturum
1365 1458 1430 1485 me
1456 1453 1596 1503 putas.
1622 1442 1788 1486 Parum
1809 1456 1873 1487 est

343 1526 462 1588 quod
491 1525 585 1571 volo
602 1544 619 1582 ,-
651 1511 772 1570 at'si
814 1527 917 1569 mihi
954 1529 1236 1586 concesseris,
1277 1526 1453 1569 multum
1483 1526 1731 1570 aestimabo.
1776 1526 1867 1587 Ego

342 1615 454 1655 enim
466 1645 484 1666 ,
514 1611 822 1655 modestissima
853 1614 965 1672 vitgo
984 1644 1002 1667 ,
1017 1615 1172 1669 fateor
1199 1628 1266 1655 me
1292 1612 1352 1654 tui
1383 1623 1601 1654 amantem
1625 1628 1740 1666 esse,
1764 1628 1870 1672 cap-

342 1710 512 1757 tumque
554 1699 616 1739 tui
630 1720 634 1725 ·
653 1697 788 1741 vultus
829 1697 1054 1757 splendore
1070 1715 1088 1752 ,-
1130 1713 1207 1740 nec
1253 1697 1343 1740 alia
1382 1697 1451 1740 die
1492 1709 1702 1757 noctuque
1733 1699 1868 1757 cogito

339 1797 470 1840 quam
501 1791 553 1824 te.
590 1781 658 1823 Tu
679 1782 793 1823 mihi
814 1797 981 1840 semper
1003 1798 1047 1824 es
1079 1784 1122 1824 in
1149 1793 1309 1825 mente:
1338 1793 1377 1825 te
1406 1784 1451 1824 in
1476 1781 1622 1836 corde,
1646 1793 1685 1825 te
1712 1784 1755 1824 in
1775 1784 1870 1825 ani-

341 1880 409 1906 mo
427 1880 540 1924 gero.
569 1863 612 1905 T
609 1882 635 1906 ιι
661 1881 799 1908 meum
831 1863 1087 1907 desiderium
1117 1881 1188 1922 es,
1214 1875 1260 1907 tu
1291 1881 1384 1924 spes
1416 1882 1512 1908 mea
1531 1897 1549 1919 9
1578 1876 1623 1908 tu
1653 1867 1796 1926 quies,
1823 1877 1868 1908 ιιι

341 1951 611 2008 refrigerium.
638 1949 743 1993 Cum
769 1960 808 1992 te
840 1949 981 2004 video,
1000 1952 1174 2010 quiescit
1194 1951 1359 1992 animus
1381 1966 1497 1992 meus
1529 1961 1571 1992 et
1602 1966 1646 1993 se
1671 1950 1867 1992 oblectat.

342 2031 408 2076 At
439 2050 534 2076 cum
557 2034 692 2088 abes,
715 2051 792 2078 nec
820 2046 858 2078 te
889 2050 1059 2078 eernere
1083 2050 1257 2094 possum
1273 2065 1290 2088 ,
1317 2036 1450 2093 magis
1481 2049 1631 2093 urgeor
1660 2034 1865 2087 stimulis,

342 2134 418 2161 nec
448 2117 569 2160 aliud
593 2118 772 2161 meditor
792 2121 873 2161 nisi
893 2130 939 2161 ut
969 2114 1100 2179 quam
1127 2122 1310 2178 primum
1343 2129 1382 2160 te
1408 2120 1598 2162 revisam.
1626 2118 1724 2161 IIoc
1755 2118 1866 2160 mul-

343 2203 473 2263 tiplici
501 2202 554 2246 de
593 2220 725 2246 eausa
741 2206 918 2261 sactum
959 2215 1022 2247 est
1037 2237 1054 2258 ,
1083 2220 1186 2246 nam
1217 2214 1259 2246 et
1271 2204 1426 2260 forma
1457 2213 1498 2245 et
1524 2202 1722 2246 honestas
1756 2205 1800 2245 in
1826 2213 1866 2246 te

341 2299 606 2331 concurrunt.
637 2287 841 2331 Laudant
873 2289 1090 2332 Ilelenam
1119 2299 1272 2348 poetae
1282 2306 1300 2344 ,·
1328 2299 1375 2330 at
1405 2304 1479 2348 ego
1505 2287 1626 2330 illam
1656 2304 1745 2330 non
1769 2289 1865 2330 exi-

343 2375 463 2415 stimo
494 2372 570 2415 tibi
583 2373 724 2429 fuisse
759 2373 947 2416 sitnilem.
975 2374 1068 2417 Nee
1104 2373 1384 2432 Polyxenam
1410 2373 1486 2415 tibi
1510 2375 1841 2432 comparaverim
1849 2389 1866 2425 ,-

342 2468 415 2497 ant
440 2473 536 2499 eam
560 2472 691 2517 quam
714 2457 867 2500 dilexit
883 2458 1108 2511 Hercules,
1131 2459 1394 2519 Dejaniram.
1417 2456 1461 2498 Τ
1457 2474 1484 2499 ιι
1505 2473 1650 2500 omnes
1672 2458 1797 2500 vincis
1825 2466 1866 2498 et

339 2539 647 2596 pulchritudine
691 2552 730 2584 ct
770 2541 967 2583 moribus.
1014 2541 1152 2598 Quasi
1182 2542 1320 2585 altera
1361 2540 1643 2595 Philomela,
1678 2557 1708 2582 a
1748 2538 1862 2582 calce

344 2641 470 2683 usquc
502 2628 545 2667 in
567 2629 759 2669 verticem
785 2626 902 2669 nulla
929 2629 1054 2670 estin
1082 2639 1120 2670 te
1151 2627 1318 2670 menda.
1353 2626 1494 2670 Crines
1518 2628 1579 2668 tui
1597 2623 1864 2684 splendorem

344 2711 439 2751 (rm-i
469 2723 693 2767 superant:
716 2713 835 2763 frons
869 2712 958 2754 alta.
991 2724 1028 2754 el
1062 2716 1250 2772 spatiosa
1283 2723 1374 2767 e513
1397 2710 1618 2771 supercilia
1645 2712 1689 2752 in
1715 2725 1859 2752 arcum
