2023 3091
469 151 521 188 86

355 230 458 272 coslo
490 227 833 289 incomparabilis
865 239 971 265 mea.
1016 222 1123 265 Jam
1154 234 1244 266 tuta
1270 233 1366 265 sunt
1397 226 1555 265 omnia.
1586 223 1692 267 Jam
1722 229 1872 268 nostris

353 314 613 356 sermonibus
645 313 749 353 liber
767 323 941 365 campus
970 317 1102 365 patet.
1134 306 1240 350 Jam
1263 307 1380 349 locus
1412 317 1474 348 est
1504 307 1775 367 amplexibus
1805 321 1871 352 tu-

353 409 430 441 ms-
474 397 709 440 AllWssari
736 390 886 433 osculis
919 394 1070 433 nostris
1103 395 1284 444 fortuna
1315 391 1463 445 voluit,
1485 375 1562 434 secl
1583 394 1792 452 aspiciunt
1814 394 1876 436 dii

351 495 536 526 nostrum
568 492 774 530 amorem,
804 493 881 519 nec
914 487 1002 518 tam
1028 475 1152 535 fidos
1183 487 1378 519 amantes
1421 475 1610 520 deserere
1644 477 1873 520 voluerunt.

355 567 469 610 Veni
499 568 594 623 jam
633 577 750 604 meas
789 563 833 602 in
865 561 1007 614 ulnas,
1047 561 1153 603 nihil
1191 573 1254 604 est
1299 561 1416 622 quod
1457 561 1638 621 amplius
1686 577 1876 616 vereare,

351 667 485 694 meum
507 646 658 699 lilium,
683 662 957 706 rosarumque
981 646 1184 689 cumulus.
1219 645 1337 703 Quid
1355 648 1469 689 stas?
1495 646 1599 704 quid
1615 648 1756 690 times?
1777 646 1875 689 Tua

350 735 413 776 liic
441 749 534 774 sum
564 730 761 774 Lucretia
770 749 787 788 ,-
819 730 923 791 quid
952 734 1161 774 curu-Laris
1183 731 1425 775 Lucretiam
1457 731 1740 792 amplexari?
1756 758 1815 764 —

405 815 627 868 Eurialusj
642 816 716 858 vix
747 814 920 858 tandem
935 815 1174 871 formidine
1203 820 1364 876 posita,
1394 833 1438 859 se
1470 833 1513 859 se
1557 819 1731 876 recepit,
1761 833 1873 859 com-

343 900 581 960 plexusque
613 897 852 941 mulierem:
883 898 1135 959 Numquam
1165 917 1259 954 me,
1288 903 1442 960 inquit,
1473 911 1614 943 tantus
1635 903 1788 943 invasit
1819 903 1873 942 ti-

346 1000 449 1026 mor.
482 981 719 1042 Setldigna
751 993 795 1023 tu
827 997 870 1024 es
895 983 1013 1041 cujus
1040 999 1172 1025 causa
1198 984 1306 1026 talia
1332 984 1578 1037 tolerentur,
1609 1000 1684 1026 nec
1716 984 1874 1025 isthaec

1557 1072 1682 1111 n‘ratis
1706 1068 1873 1111 debent.

1549 1103 1575 1128 o

345 1153 438 1196 Nec
471 1170 565 1213 ego,
596 1164 641 1195 ut
673 1168 815 1195 verum
831 1154 1008 1207 fatear)
1045 1153 1148 1194 satis
1181 1154 1265 1194 emi
1298 1163 1463 1195 tantum
1494 1154 1664 1196 bonum.
1698 1152 1746 1196 Si
1778 1163 1876 1212 post

345 1068 490 1111 oscula
521 1079 562 1110 et
594 1079 682 1109 tam
713 1065 855 1109 dulces
877 1065 1105 1126 amplexus
1129 1067 1326 1110 obvenire
1349 1072 1533 1128 cuipiam

343 1249 522 1280 mortem
558 1253 700 1280 rursus
739 1239 872 1279 vivere
910 1253 1110 1295 possem,
1153 1248 1275 1296 teque
1320 1238 1484 1295 perflui
1503 1268 1516 1289 ,
1564 1240 1696 1279 emori
1725 1235 1874 1278 millies

345 1321 512 1374 vellem,
541 1324 578 1362 si
607 1321 687 1362 lzoc
715 1323 853 1379 pretio
875 1322 938 1361 tui
963 1331 1138 1378 possent
1168 1319 1396 1379 amplexus
1427 1323 1572 1364 coemi.
1610 1319 1652 1362 0
1683 1336 1778 1362 mea
1794 1322 1875 1376 Je-

346 1405 499 1459 licitas,
541 1422 566 1448 o
597 1421 693 1447 mea
725 1403 973 1447 beatitudo!
1009 1405 1161 1448 Visum
1193 1405 1332 1459 video,
1362 1423 1422 1448 an
1453 1409 1515 1448 ita
1537 1407 1632 1448 cst?
1664 1417 1785 1448 teneo
1818 1415 1876 1458 te,

345 1506 404 1533 an
434 1493 591 1532 somnis
630 1488 790 1531 illudo]-
820 1490 974 1532 wanis?
1018 1489 1085 1531 Tu
1117 1501 1226 1533 certe
1260 1490 1325 1532 hic
1358 1507 1414 1532 es.
1449 1490 1539 1549 Ego
1574 1502 1612 1533 te
1645 1489 1875 1532 liabeo.—

404 1573 514 1616 Erat
533 1573 733 1616 Lucretia
757 1573 840 1616 levi
863 1576 1011 1616 ves-cita
1039 1574 1182 1633 palla,
1203 1591 1314 1634 quae
1347 1575 1544 1617 membris
1576 1574 1737 1634 absque
1770 1590 1874 1632 ruga

343 1658 568 1712 haerebat,
598 1675 674 1701 nec
707 1658 772 1701 vel
798 1670 945 1718 pectus
976 1659 1043 1702 vel
1072 1660 1215 1702 clunes
1241 1660 1534 1703 mentiebatur.
1571 1659 1627 1702 Ut
1649 1670 1774 1702 erant
1803 1675 1875 1700 ar-

344 1755 429 1797 tus,
458 1747 516 1786 sic
537 1760 581 1786 se
598 1743 893 1786 ostendebant.
916 1742 1059 1786 Gulae
1092 1744 1256 1786 candor
1285 1744 1455 1797 nivalis,
1485 1745 1703 1787 oculorum
1734 1744 1875 1785 lumen

344 1838 564 1887 tamquam
595 1826 693 1868 solis
702 1826 848 1884 jubar.
882 1825 1067 1869 Intuitus
1099 1827 1254 1882 laetus,
1271 1831 1414 1884 jacies
1431 1827 1612 1881 alacris,
1639 1844 1773 1887 genae
1805 1844 1873 1870 ve-

344 1911 421 1953 luti
451 1911 540 1953 lilia
569 1914 792 1971 purpureis
814 1913 954 1953 mixta
987 1915 1104 1954 rosis.
1127 1911 1253 1955 Risus
1284 1915 1328 1954 in
1353 1928 1425 1956 ore
1455 1915 1593 1955 sucwis
1626 1923 1754 1972 atque
1785 1927 1876 1953 mo-

345 1994 497 2037 destus.
516 1994 671 2036 Pectus
703 1995 892 2054 amplum
901 2028 918 2049 3
945 1996 1156 2055 papillae,
1183 2000 1308 2057 quasi
1336 1995 1421 2039 duo
1450 1999 1609 2056 punica
1636 2013 1786 2056 poma,
1817 2009 1874 2037 ex

346 2089 521 2139 utroque
545 2079 675 2122 latere
703 2080 1009 2134 tumescebant,
1027 2084 1318 2142 pruritumque
1347 2081 1608 2141 palpitantes
1637 2081 1873 2123 movebant.

346 2162 451 2206 Non
479 2167 616 2223 potuit
650 2164 851 2207 Eurialus
885 2165 996 2208 ultra
1028 2167 1240 2209 stimulum
1272 2167 1466 2210 cohibere
1487 2200 1501 2220 ,
1531 2165 1608 2210 secl
1636 2166 1788 2208 oblitus
1821 2168 1874 2208 ti·

347 2249 492 2300 moris,
511 2246 761 2290 modestiam
777 2265 943 2309 quoque
965 2250 1022 2292 ab
1045 2267 1088 2293 se
1111 2251 1280 2311 repulit,
1295 2267 1592 2312 aggressusque
1603 2252 1874 2306 foeminam:

347 2330 472 2385 Jam,
491 2333 847 2391 inquit9fiuctum
869 2351 1083 2377 sumamus
1103 2337 1259 2378 amoris
1277 2353 1286 2377 :
1305 2362 1363 2368 —
1379 2351 1547 2396 remque
1567 2334 1700 2378 verbis
1723 2335 1874 2393 junge-

348 2415 435 2457 bat.
461 2413 676 2457 Obstabat
695 2415 844 2459 mulier
860 2450 875 2470 9
898 2434 1125 2479 curamque
1151 2421 1234 2462 sibi
1261 2420 1492 2464 honestatis
1525 2431 1566 2462 et
1582 2421 1740 2473 'laniae
1780 2421 1872 2469 lore

347 2499 534 2553 dicebat,
565 2516 641 2542 nec
673 2499 794 2542 aliud
823 2503 911 2560 ejus
944 2519 1131 2545 amorem
1148 2520 1278 2564 quam
1295 2504 1423 2547 verba
1455 2515 1494 2547 et
1523 2503 1669 2546 oscula
1683 2515 1871 2562 poscere.

348 2583 429 2626 Ad
441 2601 552 2644 quae
569 2583 788 2628 subridens
805 2584 1007 2628 Eurialus
1021 2606 1035 2628 .·
1051 2588 1145 2631 Aut
1168 2592 1315 2632 scitum
1332 2600 1411 2644 est,
1432 2591 1584 2649 inquit,
1601 2606 1665 2630 me
1688 2588 1768 2630 lucc
1801 2605 1872 2630 ve-

348 2670 455 2711 nisse
460 2701 475 2721 ,
505 2679 581 2712 aut
596 2672 809 2712 nescitum.
827 2669 875 2713 Si
889 2673 1054 2725 scitum,
1074 2690 1195 2715 nemo
1213 2685 1275 2716 est
1289 2676 1364 2735 qui
1387 2684 1555 2716 caetera
1579 2690 1666 2715 non
1686 2675 1872 2732 suspice-

349 2761 432 2806 ω”ᾰ
447 2755 484 2793 si
503 2756 704 2796 nescitum
720 2765 760 2797 ct
775 2754 854 2798 lioc
869 2771 1035 2814 quoque
1049 2760 1148 2800 sciet
1164 2757 1315 2801 nullus.
1330 2756 1429 2802 Hoc
1444 2760 1594 2817 pe‘gnus
1614 2759 1770 2800 amoris
1788 2766 1874 2799 est:
