<?xml version="1.0" encoding="UTF-8"?>
<!DOCTYPE html PUBLIC "-//W3C//DTD XHTML 1.0 Transitional//EN"
    "http://www.w3.org/TR/xhtml1/DTD/xhtml1-transitional.dtd">
<html xmlns="http://www.w3.org/1999/xhtml" xml:lang="en" lang="en">
 <head>
  <title>
</title>
<meta http-equiv="Content-Type" content="text/html;charset=utf-8" />
  <meta name='ocr-system' content='tesseract 3.04.00' />
  <meta name='ocr-capabilities' content='ocr_page ocr_carea ocr_par ocr_line ocrx_word'/>
</head>
<body>
  <div class='ocr_page' id='page_1' title='image "./storiadidueamant00piusuoft_0042.png"; bbox 0 0 2023 3091; ppageno 0'>
   <div class='ocr_carea' id='block_1_1' title="bbox 388 136 1923 2717">
    <p class='ocr_par' dir='ltr' id='par_1_1' title="bbox 388 136 1923 2717">
     <span class='ocr_line' id='line_1_1' title="bbox 522 136 572 174; baseline 0 0"><span class='ocrx_word' id='word_1_1' title='bbox 522 136 572 174; x_wconf 71' lang='lat'><strong><em>32</em></strong></span> 
     </span>
     <span class='ocr_line' id='line_1_2' title="bbox 403 209 1917 277; baseline 0.002 -21"><span class='ocrx_word' id='word_1_2' title='bbox 403 231 587 276; x_wconf 85' lang='lat' dir='ltr'><strong><em>namque</em></strong></span> <span class='ocrx_word' id='word_1_3' title='bbox 602 217 711 259; x_wconf 89' lang='lat' dir='ltr'><strong><em>inter</em></strong></span> <span class='ocrx_word' id='word_1_4' title='bbox 720 230 850 275; x_wconf 76' lang='lat' dir='ltr'><strong><em>genas</em></strong></span> <span class='ocrx_word' id='word_1_5' title='bbox 867 211 1037 263; x_wconf 80' lang='lat' dir='ltr'><strong><em>rubore,</em></strong></span> <span class='ocrx_word' id='word_1_6' title='bbox 1053 209 1158 254; x_wconf 82' lang='lat' dir='ltr'><strong><em>tales</em></strong></span> <span class='ocrx_word' id='word_1_7' title='bbox 1175 227 1244 256; x_wconf 91' lang='lat' dir='ltr'><strong><em>ore</em></strong></span> <span class='ocrx_word' id='word_1_8' title='bbox 1262 211 1498 256; x_wconf 81' lang='lat' dir='ltr'><strong><em>reddebant</em></strong></span> <span class='ocrx_word' id='word_1_9' title='bbox 1515 213 1674 258; x_wconf 91' lang='lat' dir='ltr'><strong><em>colores</em></strong></span> <span class='ocrx_word' id='word_1_10' title='bbox 1689 216 1836 277; x_wconf 84' lang='lat' dir='ltr'><strong><em>quales</em></strong></span> <span class='ocrx_word' id='word_1_11' title='bbox 1853 219 1917 261; x_wconf 89' lang='lat' dir='ltr'><strong><em>in-</em></strong></span> 
     </span>
     <span class='ocr_line' id='line_1_3' title="bbox 403 294 1919 361; baseline 0.003 -23"><span class='ocrx_word' id='word_1_12' title='bbox 403 298 542 342; x_wconf 80' lang='lat' dir='ltr'><strong><em>dicum</em></strong></span> <span class='ocrx_word' id='word_1_13' title='bbox 558 299 663 342; x_wconf 76' lang='lat' dir='ltr'><strong><em>ebur</em></strong></span> <span class='ocrx_word' id='word_1_14' title='bbox 678 310 788 341; x_wconf 74' lang='lat' dir='ltr'><strong><em>ostro</em></strong></span> <span class='ocrx_word' id='word_1_15' title='bbox 806 294 1025 347; x_wconf 66' lang='lat' dir='ltr'><strong><em>violatum,</em></strong></span> <span class='ocrx_word' id='word_1_16' title='bbox 1043 305 1119 337; x_wconf 89' lang='lat' dir='ltr'><strong><em>aut</em></strong></span> <span class='ocrx_word' id='word_1_17' title='bbox 1134 296 1281 355; x_wconf 87' lang='lat' dir='ltr'><strong><em>quales</em></strong></span> <span class='ocrx_word' id='word_1_18' title='bbox 1299 295 1480 339; x_wconf 84' lang='lat' dir='ltr'><strong><em>reddunt</em></strong></span> <span class='ocrx_word' id='word_1_19' title='bbox 1496 296 1599 338; x_wconf 84' lang='lat' dir='ltr'><strong><em>alba</em></strong></span> <span class='ocrx_word' id='word_1_20' title='bbox 1614 300 1808 342; x_wconf 74' lang='lat' dir='ltr'><strong><em>immixta</em></strong></span> <span class='ocrx_word' id='word_1_21' title='bbox 1821 317 1919 361; x_wconf 87' lang='lat' dir='ltr'><strong><em>pur-</em></strong></span> 
     </span>
     <span class='ocr_line' id='line_1_4' title="bbox 401 377 1918 443; baseline 0.001 -18"><span class='ocrx_word' id='word_1_22' title='bbox 401 387 541 443; x_wconf 84' lang='lat' dir='ltr'><strong><em>pureis</em></strong></span> <span class='ocrx_word' id='word_1_23' title='bbox 567 387 670 426; x_wconf 84' lang='lat' dir='ltr'><strong><em>rosis</em></strong></span> <span class='ocrx_word' id='word_1_24' title='bbox 693 380 795 422; x_wconf 85' lang='lat' dir='ltr'><strong><em>lilia.</em></strong></span> <span class='ocrx_word' id='word_1_25' title='bbox 815 377 1056 438; x_wconf 88' lang='lat' dir='ltr'><strong><em>Praecipuo</em></strong></span> <span class='ocrx_word' id='word_1_26' title='bbox 1075 389 1218 424; x_wconf 91' lang='lat' dir='ltr'><strong><em>tamen</em></strong></span> <span class='ocrx_word' id='word_1_27' title='bbox 1244 383 1354 423; x_wconf 87' lang='lat' dir='ltr'><strong><em>inter</em></strong></span> <span class='ocrx_word' id='word_1_28' title='bbox 1367 396 1440 425; x_wconf 88' lang='lat' dir='ltr'><strong><em>eas</em></strong></span> <span class='ocrx_word' id='word_1_29' title='bbox 1460 382 1594 424; x_wconf 89' lang='lat' dir='ltr'><strong><em>nitore</em></strong></span> <span class='ocrx_word' id='word_1_30' title='bbox 1619 381 1815 426; x_wconf 88' lang='lat' dir='ltr'><strong><em>Lucretia</em></strong></span> <span class='ocrx_word' id='word_1_31' title='bbox 1818 385 1918 441; x_wconf 68' lang='lat' dir='ltr'><strong><em>fiil-</em></strong></span> 
     </span>
     <span class='ocr_line' id='line_1_5' title="bbox 403 461 1920 524; baseline 0.001 -14"><span class='ocrx_word' id='word_1_32' title='bbox 403 470 477 510; x_wconf 87' lang='lat' dir='ltr'><strong><em>sit:</em></strong></span> <span class='ocrx_word' id='word_1_33' title='bbox 506 461 818 510; x_wconf 82' lang='lat' dir='ltr'><strong><em>adolescentula</em></strong></span> <span class='ocrx_word' id='word_1_34' title='bbox 845 462 1037 506; x_wconf 85' lang='lat' dir='ltr'><strong><em>nondum</em></strong></span> <span class='ocrx_word' id='word_1_35' title='bbox 1067 480 1206 507; x_wconf 88' lang='lat' dir='ltr'><strong><em>annos</em></strong></span> <span class='ocrx_word' id='word_1_36' title='bbox 1231 467 1375 524; x_wconf 69' lang='lat' dir='ltr'><strong><em>w&#39;ginti</em></strong></span> <span class='ocrx_word' id='word_1_37' title='bbox 1402 477 1550 520; x_wconf 91' lang='lat' dir='ltr'><strong><em>nacta,</em></strong></span> <span class='ocrx_word' id='word_1_38' title='bbox 1579 467 1624 508; x_wconf 89' lang='lat' dir='ltr'><strong><em>in</em></strong></span> <span class='ocrx_word' id='word_1_39' title='bbox 1632 467 1813 524; x_wconf 86' lang='lat' dir='ltr'><strong><em>familia</em></strong></span> <span class='ocrx_word' id='word_1_40' title='bbox 1838 468 1920 512; x_wconf 90' lang='lat' dir='ltr'><strong><em>Ca-</em></strong></span> 
     </span>
     <span class='ocr_line' id='line_1_6' title="bbox 403 545 1923 609; baseline 0.001 -16"><span class='ocrx_word' id='word_1_41' title='bbox 403 552 608 594; x_wconf 82' lang='lat' dir='ltr'><strong><em>millorum</em></strong></span> <span class='ocrx_word' id='word_1_42' title='bbox 643 545 869 606; x_wconf 76' lang='lat' dir='ltr'><strong><em>praediviti</em></strong></span> <span class='ocrx_word' id='word_1_43' title='bbox 906 549 1005 590; x_wconf 74' lang='lat' dir='ltr'><strong><em>viro&#39;</em></strong></span> <span class='ocrx_word' id='word_1_44' title='bbox 1034 547 1238 591; x_wconf 72' lang='lat' dir='ltr'><strong><em>BIenelao</em></strong></span> <span class='ocrx_word' id='word_1_45' title='bbox 1276 558 1410 609; x_wconf 90' lang='lat' dir='ltr'><strong><em>nupta</em></strong></span> <span class='ocrx_word' id='word_1_46' title='bbox 1424 570 1442 609; x_wconf 83' lang='lat'><strong><em>,-</em></strong></span> <span class='ocrx_word' id='word_1_47' title='bbox 1481 548 1651 609; x_wconf 77' lang='lat' dir='ltr'><strong><em>inch&#39;gno</em></strong></span> <span class='ocrx_word' id='word_1_48' title='bbox 1682 561 1825 594; x_wconf 85' lang='lat' dir='ltr'><strong><em>tamen</em></strong></span> <span class='ocrx_word' id='word_1_49' title='bbox 1854 555 1923 595; x_wconf 90' lang='lat' dir='ltr'><strong><em>cui</em></strong></span> 
     </span>
     <span class='ocr_line' id='line_1_7' title="bbox 404 629 1922 694; baseline 0 -16"><span class='ocrx_word' id='word_1_50' title='bbox 404 646 565 678; x_wconf 80' lang='lat' dir='ltr'><strong><em>tantum</em></strong></span> <span class='ocrx_word' id='word_1_51' title='bbox 595 629 722 674; x_wconf 89' lang='lat' dir='ltr'><strong><em>decus</em></strong></span> <span class='ocrx_word' id='word_1_52' title='bbox 746 630 863 674; x_wconf 81' lang='lat' dir='ltr'><strong><em>domi</em></strong></span> <span class='ocrx_word' id='word_1_53' title='bbox 886 634 1074 688; x_wconf 69' lang='lat' dir='ltr'><strong><em>semime,-</em></strong></span> <span class='ocrx_word' id='word_1_54' title='bbox 1097 632 1174 676; x_wconf 88' lang='lat' dir='ltr'><strong><em>scd</em></strong></span> <span class='ocrx_word' id='word_1_55' title='bbox 1191 632 1316 694; x_wconf 75' lang='lat' dir='ltr'><strong><em>digno</em></strong></span> <span class='ocrx_word' id='word_1_56' title='bbox 1337 650 1461 694; x_wconf 86' lang='lat' dir='ltr'><strong><em>quem</em></strong></span> <span class='ocrx_word' id='word_1_57' title='bbox 1494 649 1609 676; x_wconf 81' lang='lat' dir='ltr'><strong><em>uxor</em></strong></span> <span class='ocrx_word' id='word_1_58' title='bbox 1630 633 1839 694; x_wconf 76' lang='lat' dir='ltr'><strong><em>deciperet</em></strong></span> <span class='ocrx_word' id='word_1_59' title='bbox 1862 646 1922 689; x_wconf 90' lang='lat' dir='ltr'><strong><em>et,</em></strong></span> 
     </span>
     <span class='ocr_line' id='line_1_8' title="bbox 402 714 1919 777; baseline 0 -16"><span class='ocrx_word' id='word_1_60' title='bbox 402 722 502 761; x_wconf 69' lang='lat' dir='ltr'><strong><em>sicut</em></strong></span> <span class='ocrx_word' id='word_1_61' title='bbox 517 731 595 759; x_wconf 90' lang='lat' dir='ltr'><strong><em>nos</em></strong></span> <span class='ocrx_word' id='word_1_62' title='bbox 609 714 802 770; x_wconf 82' lang='lat' dir='ltr'><strong><em>dicimus,</em></strong></span> <span class='ocrx_word' id='word_1_63' title='bbox 825 727 1046 760; x_wconf 89' lang='lat' dir='ltr'><strong><em>cornutum</em></strong></span> <span class='ocrx_word' id='word_1_64' title='bbox 1066 720 1192 777; x_wconf 85' lang='lat' dir='ltr'><strong><em>quasi</em></strong></span> <span class='ocrx_word' id='word_1_65' title='bbox 1209 733 1374 762; x_wconf 75' lang='lat' dir='ltr'><strong><em>cervum</em></strong></span> <span class='ocrx_word' id='word_1_66' title='bbox 1399 717 1604 762; x_wconf 83' lang='lat' dir='ltr'><strong><em>redderet.</em></strong></span> <span class='ocrx_word' id='word_1_67' title='bbox 1631 717 1806 762; x_wconf 85' lang='lat' dir='ltr'><strong><em>Statura</em></strong></span> <span class='ocrx_word' id='word_1_68' title='bbox 1825 735 1919 761; x_wconf 89' lang='lat' dir='ltr'><strong><em>mu-</em></strong></span> 
     </span>
     <span class='ocr_line' id='line_1_9' title="bbox 401 800 1920 862; baseline 0.001 -19"><span class='ocrx_word' id='word_1_69' title='bbox 401 803 509 844; x_wconf 85' lang='lat' dir='ltr'><strong><em>lieris</em></strong></span> <span class='ocrx_word' id='word_1_70' title='bbox 523 802 775 844; x_wconf 80' lang='lat' dir='ltr'><strong><em>eminentior</em></strong></span> <span class='ocrx_word' id='word_1_71' title='bbox 800 800 980 861; x_wconf 84' lang='lat' dir='ltr'><strong><em>reliquis.</em></strong></span> <span class='ocrx_word' id='word_1_72' title='bbox 1007 801 1165 845; x_wconf 87' lang='lat' dir='ltr'><strong><em>Comae</em></strong></span> <span class='ocrx_word' id='word_1_73' title='bbox 1192 801 1254 845; x_wconf 91' lang='lat' dir='ltr'><strong><em>illi</em></strong></span> <span class='ocrx_word' id='word_1_74' title='bbox 1273 804 1490 862; x_wconf 84' lang='lat' dir='ltr'><strong><em>copiosae,</em></strong></span> <span class='ocrx_word' id='word_1_75' title='bbox 1513 813 1556 846; x_wconf 87' lang='lat' dir='ltr'><strong><em>et</em></strong></span> <span class='ocrx_word' id='word_1_76' title='bbox 1579 805 1717 846; x_wconf 85' lang='lat' dir='ltr'><strong><em>aureis</em></strong></span> <span class='ocrx_word' id='word_1_77' title='bbox 1751 802 1920 845; x_wconf 89' lang='lat' dir='ltr'><strong><em>laminis</em></strong></span> 
     </span>
     <span class='ocr_line' id='line_1_10' title="bbox 398 885 1920 947; baseline 0.001 -19"><span class='ocrx_word' id='word_1_78' title='bbox 398 885 567 941; x_wconf 83' lang='lat' dir='ltr'><strong><em>similes,</em></strong></span> <span class='ocrx_word' id='word_1_79' title='bbox 588 902 696 947; x_wconf 85' lang='lat' dir='ltr'><strong><em>quas</em></strong></span> <span class='ocrx_word' id='word_1_80' title='bbox 731 900 820 928; x_wconf 90' lang='lat' dir='ltr'><strong><em>non</em></strong></span> <span class='ocrx_word' id='word_1_81' title='bbox 849 901 964 930; x_wconf 87' lang='lat' dir='ltr'><strong><em>more</em></strong></span> <span class='ocrx_word' id='word_1_82' title='bbox 999 889 1200 947; x_wconf 79' lang='lat' dir='ltr'><strong><em>virginum</em></strong></span> <span class='ocrx_word' id='word_1_83' title='bbox 1231 890 1458 941; x_wconf 79' lang='lat' dir='ltr'><strong><em>retrofusas</em></strong></span> <span class='ocrx_word' id='word_1_84' title='bbox 1490 890 1680 942; x_wconf 81' lang='lat' dir='ltr'><strong><em>miserat,</em></strong></span> <span class='ocrx_word' id='word_1_85' title='bbox 1706 886 1783 931; x_wconf 83' lang='lat' dir='ltr'><strong><em>secl</em></strong></span> <span class='ocrx_word' id='word_1_86' title='bbox 1812 903 1920 930; x_wconf 89' lang='lat' dir='ltr'><strong><em>auro</em></strong></span> 
     </span>
     <span class='ocr_line' id='line_1_11' title="bbox 393 970 1919 1034; baseline 0 -19"><span class='ocrx_word' id='word_1_87' title='bbox 393 975 648 1033; x_wconf 79' lang='lat' dir='ltr'><strong><em>gemmisque</em></strong></span> <span class='ocrx_word' id='word_1_88' title='bbox 669 970 907 1014; x_wconf 79' lang='lat' dir='ltr'><strong><em>incluserat.</em></strong></span> <span class='ocrx_word' id='word_1_89' title='bbox 945 970 1081 1014; x_wconf 83' lang='lat' dir='ltr'><strong><em>Frons</em></strong></span> <span class='ocrx_word' id='word_1_90' title='bbox 1113 973 1205 1015; x_wconf 88' lang='lat' dir='ltr'><strong><em>alta</em></strong></span> <span class='ocrx_word' id='word_1_91' title='bbox 1237 976 1445 1034; x_wconf 84' lang='lat' dir='ltr'><strong><em>spatiique</em></strong></span> <span class='ocrx_word' id='word_1_92' title='bbox 1476 973 1678 1026; x_wconf 88' lang='lat' dir='ltr'><strong><em>decentis,</em></strong></span> <span class='ocrx_word' id='word_1_93' title='bbox 1709 972 1828 1016; x_wconf 88' lang='lat' dir='ltr'><strong><em>nulla</em></strong></span> <span class='ocrx_word' id='word_1_94' title='bbox 1854 975 1919 1016; x_wconf 89' lang='lat' dir='ltr'><strong><em>in-</em></strong></span> 
     </span>
     <span class='ocr_line' id='line_1_12' title="bbox 398 1054 1919 1117; baseline 0.001 -19"><span class='ocrx_word' id='word_1_95' title='bbox 398 1066 574 1100; x_wconf 84' lang='lat' dir='ltr'><strong><em>tersecta</em></strong></span> <span class='ocrx_word' id='word_1_96' title='bbox 599 1071 716 1115; x_wconf 80' lang='lat' dir='ltr'><strong><em>ruga.</em></strong></span> <span class='ocrx_word' id='word_1_97' title='bbox 738 1054 973 1115; x_wconf 82' lang='lat' dir='ltr'><strong><em>Supercilia</em></strong></span> <span class='ocrx_word' id='word_1_98' title='bbox 995 1057 1039 1097; x_wconf 83' lang='lat' dir='ltr'><strong><em>in</em></strong></span> <span class='ocrx_word' id='word_1_99' title='bbox 1063 1070 1210 1098; x_wconf 88' lang='lat' dir='ltr'><strong><em>arcum</em></strong></span> <span class='ocrx_word' id='word_1_100' title='bbox 1236 1067 1383 1111; x_wconf 85' lang='lat' dir='ltr'><strong><em>tensa,·</em></strong></span> <span class='ocrx_word' id='word_1_101' title='bbox 1411 1057 1509 1117; x_wconf 84' lang='lat' dir='ltr'><strong><em>pilis</em></strong></span> <span class='ocrx_word' id='word_1_102' title='bbox 1536 1060 1683 1117; x_wconf 88' lang='lat' dir='ltr'><strong><em>paucis</em></strong></span> <span class='ocrx_word' id='word_1_103' title='bbox 1711 1059 1919 1117; x_wconf 77' lang='lat' dir='ltr'><strong><em>nigrisque</em></strong></span> 
     </span>
     <span class='ocr_line' id='line_1_13' title="bbox 397 1137 1921 1201; baseline 0.001 -19"><span class='ocrx_word' id='word_1_104' title='bbox 397 1140 542 1184; x_wconf 84' lang='lat' dir='ltr'><strong><em>debito</em></strong></span> <span class='ocrx_word' id='word_1_105' title='bbox 572 1139 792 1183; x_wconf 75' lang='lat' dir='ltr'><strong><em>intervallo</em></strong></span> <span class='ocrx_word' id='word_1_106' title='bbox 824 1139 1047 1200; x_wconf 87' lang='lat' dir='ltr'><strong><em>disjuncta.</em></strong></span> <span class='ocrx_word' id='word_1_107' title='bbox 1087 1137 1212 1182; x_wconf 84' lang='lat' dir='ltr'><strong><em>Oculi</em></strong></span> <span class='ocrx_word' id='word_1_108' title='bbox 1243 1149 1364 1182; x_wconf 88' lang='lat' dir='ltr'><strong><em>tanto</em></strong></span> <span class='ocrx_word' id='word_1_109' title='bbox 1396 1143 1530 1184; x_wconf 88' lang='lat' dir='ltr'><strong><em>nitore</em></strong></span> <span class='ocrx_word' id='word_1_110' title='bbox 1560 1141 1845 1201; x_wconf 81' lang='lat' dir='ltr'><strong><em>splendentes,</em></strong></span> <span class='ocrx_word' id='word_1_111' title='bbox 1876 1152 1921 1184; x_wconf 87' lang='lat' dir='ltr'><strong><em>ut</em></strong></span> 
     </span>
     <span class='ocr_line' id='line_1_14' title="bbox 397 1223 1919 1283; baseline 0 -17"><span class='ocrx_word' id='word_1_112' title='bbox 397 1228 440 1266; x_wconf 87' lang='lat' dir='ltr'><strong><em>in</em></strong></span> <span class='ocrx_word' id='word_1_113' title='bbox 461 1224 559 1267; x_wconf 84' lang='lat' dir='ltr'><strong><em>solis</em></strong></span> <span class='ocrx_word' id='word_1_114' title='bbox 580 1223 752 1266; x_wconf 85' lang='lat' dir='ltr'><strong><em>modum</em></strong></span> <span class='ocrx_word' id='word_1_115' title='bbox 773 1225 1079 1283; x_wconf 77' lang='lat' dir='ltr'><strong><em>respicientium</em></strong></span> <span class='ocrx_word' id='word_1_116' title='bbox 1101 1225 1272 1266; x_wconf 84' lang='lat' dir='ltr'><strong><em>intuitus</em></strong></span> <span class='ocrx_word' id='word_1_117' title='bbox 1296 1223 1555 1266; x_wconf 82' lang='lat' dir='ltr'><strong><em>hebetarent.</em></strong></span> <span class='ocrx_word' id='word_1_118' title='bbox 1581 1225 1664 1266; x_wconf 77' lang='lat' dir='ltr'><strong><em>His</em></strong></span> <span class='ocrx_word' id='word_1_119' title='bbox 1685 1224 1760 1266; x_wconf 87' lang='lat' dir='ltr'><strong><em>illa</em></strong></span> <span class='ocrx_word' id='word_1_120' title='bbox 1785 1236 1827 1267; x_wconf 90' lang='lat' dir='ltr'><strong><em>et</em></strong></span> <span class='ocrx_word' id='word_1_121' title='bbox 1852 1241 1919 1267; x_wconf 92' lang='lat' dir='ltr'><strong><em>oc-</em></strong></span> 
     </span>
     <span class='ocr_line' id='line_1_15' title="bbox 397 1308 1918 1368; baseline -0.001 -17"><span class='ocrx_word' id='word_1_122' title='bbox 397 1309 534 1352; x_wconf 83' lang='lat' dir='ltr'><strong><em>cidere</em></strong></span> <span class='ocrx_word' id='word_1_123' title='bbox 565 1325 670 1368; x_wconf 85' lang='lat' dir='ltr'><strong><em>quos</em></strong></span> <span class='ocrx_word' id='word_1_124' title='bbox 703 1308 834 1351; x_wconf 77' lang='lat' dir='ltr'><strong><em>voluit</em></strong></span> <span class='ocrx_word' id='word_1_125' title='bbox 861 1319 1047 1368; x_wconf 84' lang='lat' dir='ltr'><strong><em>poterat,</em></strong></span> <span class='ocrx_word' id='word_1_126' title='bbox 1075 1320 1115 1351; x_wconf 86' lang='lat' dir='ltr'><strong><em>ct</em></strong></span> <span class='ocrx_word' id='word_1_127' title='bbox 1146 1319 1330 1351; x_wconf 85' lang='lat' dir='ltr'><strong><em>mortuos</em></strong></span> <span class='ocrx_word' id='word_1_128' title='bbox 1371 1326 1467 1351; x_wconf 87' lang='lat' dir='ltr'><strong><em>cum</em></strong></span> <span class='ocrx_word' id='word_1_129' title='bbox 1502 1309 1689 1352; x_wconf 85' lang='lat' dir='ltr'><strong><em>libuisset</em></strong></span> <span class='ocrx_word' id='word_1_130' title='bbox 1715 1311 1759 1351; x_wconf 88' lang='lat' dir='ltr'><strong><em>in</em></strong></span> <span class='ocrx_word' id='word_1_131' title='bbox 1791 1311 1918 1352; x_wconf 74' lang='lat' dir='ltr'><strong><em>vitam</em></strong></span> 
     </span>
     <span class='ocr_line' id='line_1_16' title="bbox 397 1391 1917 1452; baseline 0.001 -18"><span class='ocrx_word' id='word_1_132' title='bbox 397 1407 617 1435; x_wconf 83' lang='lat' dir='ltr'><strong><em>resumere.</em></strong></span> <span class='ocrx_word' id='word_1_133' title='bbox 650 1391 796 1435; x_wconf 89' lang='lat' dir='ltr'><strong><em>Nasus</em></strong></span> <span class='ocrx_word' id='word_1_134' title='bbox 826 1395 869 1435; x_wconf 89' lang='lat' dir='ltr'><strong><em>in</em></strong></span> <span class='ocrx_word' id='word_1_135' title='bbox 891 1391 1015 1451; x_wconf 82' lang='lat' dir='ltr'><strong><em>filum</em></strong></span> <span class='ocrx_word' id='word_1_136' title='bbox 1046 1391 1245 1446; x_wconf 85' lang='lat' dir='ltr'><strong><em>directus,</em></strong></span> <span class='ocrx_word' id='word_1_137' title='bbox 1275 1407 1413 1435; x_wconf 66' lang='lat' dir='ltr'><strong><em>roseas</em></strong></span> <span class='ocrx_word' id='word_1_138' title='bbox 1433 1408 1566 1451; x_wconf 73' lang='lat' dir='ltr'><strong><em>genas</em></strong></span> <span class='ocrx_word' id='word_1_139' title='bbox 1590 1391 1767 1452; x_wconf 85' lang='lat' dir='ltr'><strong><em>aequali</em></strong></span> <span class='ocrx_word' id='word_1_140' title='bbox 1797 1409 1917 1436; x_wconf 85' lang='lat' dir='ltr'><strong><em>men-</em></strong></span> 
     </span>
     <span class='ocr_line' id='line_1_17' title="bbox 396 1475 1919 1537; baseline 0 -18"><span class='ocrx_word' id='word_1_141' title='bbox 396 1492 496 1520; x_wconf 86' lang='lat' dir='ltr'><strong><em>sura</em></strong></span> <span class='ocrx_word' id='word_1_142' title='bbox 523 1476 857 1520; x_wconf 71' lang='lat' dir='ltr'><strong><em>discriminabat.</em></strong></span> <span class='ocrx_word' id='word_1_143' title='bbox 888 1476 1013 1521; x_wconf 88' lang='lat' dir='ltr'><strong><em>Nihil</em></strong></span> <span class='ocrx_word' id='word_1_144' title='bbox 1032 1477 1096 1520; x_wconf 91' lang='lat' dir='ltr'><strong><em>his</em></strong></span> <span class='ocrx_word' id='word_1_145' title='bbox 1122 1479 1240 1537; x_wconf 81' lang='lat' dir='ltr'><strong><em>genis</em></strong></span> <span class='ocrx_word' id='word_1_146' title='bbox 1271 1475 1516 1530; x_wconf 85' lang='lat' dir='ltr'><strong><em>amabilius,</em></strong></span> <span class='ocrx_word' id='word_1_147' title='bbox 1549 1476 1656 1519; x_wconf 89' lang='lat' dir='ltr'><strong><em>nihil</em></strong></span> <span class='ocrx_word' id='word_1_148' title='bbox 1683 1475 1919 1520; x_wconf 83' lang='lat' dir='ltr'><strong><em>delectabi-</em></strong></span> 
     </span>
     <span class='ocr_line' id='line_1_18' title="bbox 396 1560 1922 1622; baseline -0.001 -18"><span class='ocrx_word' id='word_1_149' title='bbox 396 1561 474 1604; x_wconf 85' lang='lat' dir='ltr'><strong><em>lius</em></strong></span> <span class='ocrx_word' id='word_1_150' title='bbox 499 1564 606 1617; x_wconf 79' lang='lat' dir='ltr'><strong><em>visu,·</em></strong></span> <span class='ocrx_word' id='word_1_151' title='bbox 629 1578 740 1622; x_wconf 89' lang='lat' dir='ltr'><strong><em>quae</em></strong></span> <span class='ocrx_word' id='word_1_152' title='bbox 762 1578 857 1605; x_wconf 89' lang='lat' dir='ltr'><strong><em>cum</em></strong></span> <span class='ocrx_word' id='word_1_153' title='bbox 881 1562 1031 1605; x_wconf 86' lang='lat' dir='ltr'><strong><em>mulier</em></strong></span> <span class='ocrx_word' id='word_1_154' title='bbox 1056 1564 1144 1605; x_wconf 89' lang='lat' dir='ltr'><strong><em>risit</em></strong></span> <span class='ocrx_word' id='word_1_155' title='bbox 1163 1564 1210 1604; x_wconf 89' lang='lat' dir='ltr'><strong><em>in</em></strong></span> <span class='ocrx_word' id='word_1_156' title='bbox 1229 1577 1411 1622; x_wconf 76' lang='lat' dir='ltr'><strong><em>parvam</em></strong></span> <span class='ocrx_word' id='word_1_157' title='bbox 1434 1563 1626 1622; x_wconf 85' lang='lat' dir='ltr'><strong><em>utrinque</em></strong></span> <span class='ocrx_word' id='word_1_158' title='bbox 1645 1560 1922 1605; x_wconf 85' lang='lat' dir='ltr'><strong><em>dehiscebant</em></strong></span> 
     </span>
     <span class='ocr_line' id='line_1_19' title="bbox 390 1644 1922 1708; baseline -0.001 -19"><span class='ocrx_word' id='word_1_159' title='bbox 390 1649 574 1699; x_wconf 80' lang='lat' dir='ltr'><strong><em>foveam.</em></strong></span> <span class='ocrx_word' id='word_1_160' title='bbox 605 1647 746 1690; x_wconf 87' lang='lat' dir='ltr'><strong><em>Nemo</em></strong></span> <span class='ocrx_word' id='word_1_161' title='bbox 777 1647 890 1690; x_wconf 89' lang='lat' dir='ltr'><strong><em>hanc</em></strong></span> <span class='ocrx_word' id='word_1_162' title='bbox 921 1647 1022 1690; x_wconf 80' lang='lat' dir='ltr'><strong><em>vidit</em></strong></span> <span class='ocrx_word' id='word_1_163' title='bbox 1045 1650 1119 1707; x_wconf 89' lang='lat' dir='ltr'><strong><em>qui</em></strong></span> <span class='ocrx_word' id='word_1_164' title='bbox 1142 1663 1230 1690; x_wconf 90' lang='lat' dir='ltr'><strong><em>non</em></strong></span> <span class='ocrx_word' id='word_1_165' title='bbox 1250 1657 1418 1708; x_wconf 88' lang='lat' dir='ltr'><strong><em>cuperet</em></strong></span> <span class='ocrx_word' id='word_1_166' title='bbox 1439 1646 1633 1690; x_wconf 88' lang='lat' dir='ltr'><strong><em>osculari.</em></strong></span> <span class='ocrx_word' id='word_1_167' title='bbox 1659 1644 1922 1706; x_wconf 79' lang='lat' dir='ltr'><strong><em>Osparvum</em></strong></span> 
     </span>
     <span class='ocr_line' id='line_1_20' title="bbox 394 1730 1922 1792; baseline 0 -19"><span class='ocrx_word' id='word_1_168' title='bbox 394 1731 649 1792; x_wconf 84' lang='lat' dir='ltr'><strong><em>decensque,</em></strong></span> <span class='ocrx_word' id='word_1_169' title='bbox 663 1731 790 1774; x_wconf 88' lang='lat' dir='ltr'><strong><em>labra</em></strong></span> <span class='ocrx_word' id='word_1_170' title='bbox 815 1731 1010 1774; x_wconf 89' lang='lat' dir='ltr'><strong><em>corallini</em></strong></span> <span class='ocrx_word' id='word_1_171' title='bbox 1030 1731 1181 1775; x_wconf 89' lang='lat' dir='ltr'><strong><em>coloris</em></strong></span> <span class='ocrx_word' id='word_1_172' title='bbox 1202 1742 1243 1775; x_wconf 91' lang='lat' dir='ltr'><strong><em>et</em></strong></span> <span class='ocrx_word' id='word_1_173' title='bbox 1263 1731 1325 1774; x_wconf 88' lang='lat' dir='ltr'><strong><em>ad</em></strong></span> <span class='ocrx_word' id='word_1_174' title='bbox 1338 1746 1521 1775; x_wconf 89' lang='lat' dir='ltr'><strong><em>morsum</em></strong></span> <span class='ocrx_word' id='word_1_175' title='bbox 1545 1733 1777 1791; x_wconf 88' lang='lat' dir='ltr'><strong><em>aptissima.</em></strong></span> <span class='ocrx_word' id='word_1_176' title='bbox 1800 1730 1922 1775; x_wconf 90' lang='lat' dir='ltr'><strong><em>Den-</em></strong></span> 
     </span>
     <span class='ocr_line' id='line_1_21' title="bbox 396 1813 1923 1875; baseline 0 -18"><span class='ocrx_word' id='word_1_177' title='bbox 396 1825 456 1858; x_wconf 87' lang='lat' dir='ltr'><strong><em>tes</em></strong></span> <span class='ocrx_word' id='word_1_178' title='bbox 484 1814 657 1874; x_wconf 72' lang='lat' dir='ltr'><strong><em>parvuli</em></strong></span> <span class='ocrx_word' id='word_1_179' title='bbox 686 1826 727 1858; x_wconf 88' lang='lat' dir='ltr'><strong><em>ct</em></strong></span> <span class='ocrx_word' id='word_1_180' title='bbox 765 1816 810 1857; x_wconf 89' lang='lat' dir='ltr'><strong><em>in</em></strong></span> <span class='ocrx_word' id='word_1_181' title='bbox 842 1813 1034 1858; x_wconf 83' lang='lat' dir='ltr'><strong><em>ordinem</em></strong></span> <span class='ocrx_word' id='word_1_182' title='bbox 1056 1817 1186 1874; x_wconf 88' lang='lat' dir='ltr'><strong><em>positi</em></strong></span> <span class='ocrx_word' id='word_1_183' title='bbox 1217 1831 1278 1858; x_wconf 73' lang='lat' dir='ltr'><strong><em>ex</em></strong></span> <span class='ocrx_word' id='word_1_184' title='bbox 1308 1814 1507 1874; x_wconf 68' lang='lat' dir='ltr'><strong><em>crystallo</em></strong></span> <span class='ocrx_word' id='word_1_185' title='bbox 1539 1814 1813 1871; x_wconf 76' lang='lat' dir='ltr'><strong><em>videbantur5</em></strong></span> <span class='ocrx_word' id='word_1_186' title='bbox 1842 1829 1923 1875; x_wconf 85' lang='lat' dir='ltr'><strong><em>per</em></strong></span> 
     </span>
     <span class='ocr_line' id='line_1_22' title="bbox 395 1897 1922 1958; baseline -0.001 -17"><span class='ocrx_word' id='word_1_187' title='bbox 395 1914 501 1958; x_wconf 85' lang='lat' dir='ltr'><strong><em>quos</em></strong></span> <span class='ocrx_word' id='word_1_188' title='bbox 532 1897 711 1942; x_wconf 81' lang='lat' dir='ltr'><strong><em>tremula</em></strong></span> <span class='ocrx_word' id='word_1_189' title='bbox 732 1898 876 1958; x_wconf 77' lang='lat' dir='ltr'><strong><em>lingua</em></strong></span> <span class='ocrx_word' id='word_1_190' title='bbox 900 1897 1155 1952; x_wconf 85' lang='lat' dir='ltr'><strong><em>discurrens,</em></strong></span> <span class='ocrx_word' id='word_1_191' title='bbox 1183 1913 1269 1941; x_wconf 88' lang='lat' dir='ltr'><strong><em>non</em></strong></span> <span class='ocrx_word' id='word_1_192' title='bbox 1282 1913 1536 1952; x_wconf 89' lang='lat' dir='ltr'><strong><em>sermonem,</em></strong></span> <span class='ocrx_word' id='word_1_193' title='bbox 1554 1897 1632 1941; x_wconf 89' lang='lat' dir='ltr'><strong><em>scd</em></strong></span> <span class='ocrx_word' id='word_1_194' title='bbox 1651 1897 1922 1941; x_wconf 85' lang='lat' dir='ltr'><strong><em>harmoniam</em></strong></span> 
     </span>
     <span class='ocr_line' id='line_1_23' title="bbox 396 1981 1920 2043; baseline 0 -18"><span class='ocrx_word' id='word_1_195' title='bbox 396 1984 687 2027; x_wconf 76' lang='lat' dir='ltr'><strong><em>suavissimam</em></strong></span> <span class='ocrx_word' id='word_1_196' title='bbox 723 1983 932 2027; x_wconf 75' lang='lat' dir='ltr'><strong><em>movebat.</em></strong></span> <span class='ocrx_word' id='word_1_197' title='bbox 970 1983 1087 2040; x_wconf 81' lang='lat' dir='ltr'><strong><em>Quid</em></strong></span> <span class='ocrx_word' id='word_1_198' title='bbox 1122 1982 1262 2027; x_wconf 88' lang='lat' dir='ltr'><strong><em>dicam</em></strong></span> <span class='ocrx_word' id='word_1_199' title='bbox 1301 1986 1434 2027; x_wconf 87' lang='lat' dir='ltr'><strong><em>menti</em></strong></span> <span class='ocrx_word' id='word_1_200' title='bbox 1464 1985 1645 2043; x_wconf 87' lang='lat' dir='ltr'><strong><em>speciem</em></strong></span> <span class='ocrx_word' id='word_1_201' title='bbox 1682 1993 1759 2025; x_wconf 88' lang='lat' dir='ltr'><strong><em>aut</em></strong></span> <span class='ocrx_word' id='word_1_202' title='bbox 1793 1981 1920 2042; x_wconf 78' lang='lat' dir='ltr'><strong><em>gulae</em></strong></span> 
     </span>
     <span class='ocr_line' id='line_1_24' title="bbox 397 2066 1920 2128; baseline -0.001 -18"><span class='ocrx_word' id='word_1_203' title='bbox 397 2068 653 2111; x_wconf 80' lang='lat' dir='ltr'><strong><em>candorem?</em></strong></span> <span class='ocrx_word' id='word_1_204' title='bbox 678 2067 802 2111; x_wconf 88' lang='lat' dir='ltr'><strong><em>Nihil</em></strong></span> <span class='ocrx_word' id='word_1_205' title='bbox 825 2068 895 2111; x_wconf 84' lang='lat' dir='ltr'><strong><em>illo</em></strong></span> <span class='ocrx_word' id='word_1_206' title='bbox 913 2072 956 2112; x_wconf 89' lang='lat' dir='ltr'><strong><em>in</em></strong></span> <span class='ocrx_word' id='word_1_207' title='bbox 972 2084 1146 2128; x_wconf 86' lang='lat' dir='ltr'><strong><em>corpore</em></strong></span> <span class='ocrx_word' id='word_1_208' title='bbox 1167 2084 1253 2111; x_wconf 87' lang='lat' dir='ltr'><strong><em>non</em></strong></span> <span class='ocrx_word' id='word_1_209' title='bbox 1270 2066 1499 2111; x_wconf 82' lang='lat' dir='ltr'><strong><em>laudabile.</em></strong></span> <span class='ocrx_word' id='word_1_210' title='bbox 1517 2066 1737 2111; x_wconf 88' lang='lat' dir='ltr'><strong><em>Interioris</em></strong></span> <span class='ocrx_word' id='word_1_211' title='bbox 1741 2068 1920 2123; x_wconf 90' lang='lat' dir='ltr'><strong><em>formae</em></strong></span> 
     </span>
     <span class='ocr_line' id='line_1_25' title="bbox 388 2150 1923 2212; baseline 0 -18"><span class='ocrx_word' id='word_1_212' title='bbox 388 2150 595 2212; x_wconf 83' lang='lat' dir='ltr'><strong><em>judicium</em></strong></span> <span class='ocrx_word' id='word_1_213' title='bbox 622 2151 822 2204; x_wconf 75' lang='lat' dir='ltr'><strong><em>jaciebat</em></strong></span> <span class='ocrx_word' id='word_1_214' title='bbox 852 2155 1050 2195; x_wconf 72' lang='lat' dir='ltr'><strong><em>exterior.</em></strong></span> <span class='ocrx_word' id='word_1_215' title='bbox 1084 2152 1223 2194; x_wconf 82' lang='lat' dir='ltr'><strong><em>Nemo</em></strong></span> <span class='ocrx_word' id='word_1_216' title='bbox 1262 2151 1373 2195; x_wconf 88' lang='lat' dir='ltr'><strong><em>hanc</em></strong></span> <span class='ocrx_word' id='word_1_217' title='bbox 1404 2153 1575 2212; x_wconf 79' lang='lat' dir='ltr'><strong><em>aspexit</em></strong></span> <span class='ocrx_word' id='word_1_218' title='bbox 1611 2153 1685 2211; x_wconf 85' lang='lat' dir='ltr'><strong><em>qui</em></strong></span> <span class='ocrx_word' id='word_1_219' title='bbox 1714 2152 1800 2194; x_wconf 76' lang='lat' dir='ltr'><strong><em>viro</em></strong></span> <span class='ocrx_word' id='word_1_220' title='bbox 1832 2167 1923 2194; x_wconf 87' lang='lat' dir='ltr'><strong><em>non</em></strong></span> 
     </span>
     <span class='ocr_line' id='line_1_26' title="bbox 396 2232 1921 2296; baseline 0.001 -20"><span class='ocrx_word' id='word_1_221' title='bbox 396 2234 601 2279; x_wconf 79' lang='lat' dir='ltr'><strong><em>inviderit.</em></strong></span> <span class='ocrx_word' id='word_1_222' title='bbox 633 2234 773 2278; x_wconf 88' lang='lat' dir='ltr'><strong><em>Erant</em></strong></span> <span class='ocrx_word' id='word_1_223' title='bbox 805 2239 974 2296; x_wconf 87' lang='lat' dir='ltr'><strong><em>insuper</em></strong></span> <span class='ocrx_word' id='word_1_224' title='bbox 1005 2238 1049 2279; x_wconf 91' lang='lat' dir='ltr'><strong><em>in</em></strong></span> <span class='ocrx_word' id='word_1_225' title='bbox 1071 2237 1161 2296; x_wconf 86' lang='lat' dir='ltr'><strong><em>ejus</em></strong></span> <span class='ocrx_word' id='word_1_226' title='bbox 1187 2250 1258 2279; x_wconf 88' lang='lat' dir='ltr'><strong><em>ore</em></strong></span> <span class='ocrx_word' id='word_1_227' title='bbox 1289 2235 1445 2278; x_wconf 83' lang='lat' dir='ltr'><strong><em>multae</em></strong></span> <span class='ocrx_word' id='word_1_228' title='bbox 1462 2237 1672 2292; x_wconf 86' lang='lat' dir='ltr'><strong><em>facetiae.</em></strong></span> <span class='ocrx_word' id='word_1_229' title='bbox 1705 2232 1852 2278; x_wconf 89' lang='lat' dir='ltr'><strong><em>Sermo</em></strong></span> <span class='ocrx_word' id='word_1_230' title='bbox 1885 2237 1921 2278; x_wconf 90' lang='lat' dir='ltr'><strong><em>is</em></strong></span> 
     </span>
     <span class='ocr_line' id='line_1_27' title="bbox 393 2317 1921 2381; baseline -0.001 -19"><span class='ocrx_word' id='word_1_231' title='bbox 393 2321 477 2373; x_wconf 73' lang='lat' dir='ltr'><strong><em>ficit</em></strong></span> <span class='ocrx_word' id='word_1_232' title='bbox 489 2319 659 2381; x_wconf 86' lang='lat' dir='ltr'><strong><em>qualem</em></strong></span> <span class='ocrx_word' id='word_1_233' title='bbox 676 2335 820 2362; x_wconf 77' lang='lat' dir='ltr'><strong><em>tumor</em></strong></span> <span class='ocrx_word' id='word_1_234' title='bbox 841 2332 903 2363; x_wconf 88' lang='lat' dir='ltr'><strong><em>cst</em></strong></span> <span class='ocrx_word' id='word_1_235' title='bbox 925 2320 1219 2364; x_wconf 79' lang='lat' dir='ltr'><strong><em>Gracchorum</em></strong></span> <span class='ocrx_word' id='word_1_236' title='bbox 1243 2331 1420 2364; x_wconf 88' lang='lat' dir='ltr'><strong><em>matrem</em></strong></span> <span class='ocrx_word' id='word_1_237' title='bbox 1446 2319 1641 2363; x_wconf 83' lang='lat' dir='ltr'><strong><em>habuisse</em></strong></span> <span class='ocrx_word' id='word_1_238' title='bbox 1660 2317 1921 2373; x_wconf 87' lang='lat' dir='ltr'><strong><em>Corneliam,</em></strong></span> 
     </span>
     <span class='ocr_line' id='line_1_28' title="bbox 397 2403 1920 2465; baseline 0 -19"><span class='ocrx_word' id='word_1_239' title='bbox 397 2406 481 2447; x_wconf 79' lang='lat' dir='ltr'><strong><em>sive</em></strong></span> <span class='ocrx_word' id='word_1_240' title='bbox 522 2403 744 2447; x_wconf 85' lang='lat' dir='ltr'><strong><em>Hortensii</em></strong></span> <span class='ocrx_word' id='word_1_241' title='bbox 774 2403 926 2462; x_wconf 85' lang='lat' dir='ltr'><strong><em>filiam.</em></strong></span> <span class='ocrx_word' id='word_1_242' title='bbox 969 2405 1062 2448; x_wconf 89' lang='lat' dir='ltr'><strong><em>Nec</em></strong></span> <span class='ocrx_word' id='word_1_243' title='bbox 1094 2406 1260 2448; x_wconf 72' lang='lat' dir='ltr'><strong><em>suavius</em></strong></span> <span class='ocrx_word' id='word_1_244' title='bbox 1300 2403 1466 2465; x_wconf 85' lang='lat' dir='ltr'><strong><em>aliquid</em></strong></span> <span class='ocrx_word' id='word_1_245' title='bbox 1494 2405 1582 2463; x_wconf 79' lang='lat' dir='ltr'><strong><em>ejus</em></strong></span> <span class='ocrx_word' id='word_1_246' title='bbox 1614 2405 1806 2446; x_wconf 87' lang='lat' dir='ltr'><strong><em>oratione</em></strong></span> <span class='ocrx_word' id='word_1_247' title='bbox 1843 2418 1920 2446; x_wconf 90' lang='lat' dir='ltr'><strong><em>nec</em></strong></span> 
     </span>
     <span class='ocr_line' id='line_1_29' title="bbox 398 2485 1919 2550; baseline -0.001 -21"><span class='ocrx_word' id='word_1_248' title='bbox 398 2487 622 2532; x_wconf 86' lang='lat' dir='ltr'><strong><em>modestius</em></strong></span> <span class='ocrx_word' id='word_1_249' title='bbox 636 2490 737 2546; x_wconf 76' lang='lat' dir='ltr'><strong><em>ficit.</em></strong></span> <span class='ocrx_word' id='word_1_250' title='bbox 754 2488 855 2531; x_wconf 86' lang='lat' dir='ltr'><strong><em>Non</em></strong></span> <span class='ocrx_word' id='word_1_251' title='bbox 875 2499 919 2531; x_wconf 91' lang='lat' dir='ltr'><strong><em>ut</em></strong></span> <span class='ocrx_word' id='word_1_252' title='bbox 940 2489 1170 2550; x_wconf 84' lang='lat' dir='ltr'><strong><em>pleraeque</em></strong></span> <span class='ocrx_word' id='word_1_253' title='bbox 1193 2491 1299 2532; x_wconf 85' lang='lat' dir='ltr'><strong><em>tristi</em></strong></span> <span class='ocrx_word' id='word_1_254' title='bbox 1301 2490 1425 2546; x_wconf 86' lang='lat' dir='ltr'><strong><em>facie</em></strong></span> <span class='ocrx_word' id='word_1_255' title='bbox 1447 2489 1709 2532; x_wconf 82' lang='lat' dir='ltr'><strong><em>honestatem</em></strong></span> <span class='ocrx_word' id='word_1_256' title='bbox 1727 2485 1919 2530; x_wconf 86' lang='lat' dir='ltr'><strong><em>ostende-</em></strong></span> 
     </span>
     <span class='ocr_line' id='line_1_30' title="bbox 398 2569 1922 2626; baseline -0.001 -12"><span class='ocrx_word' id='word_1_257' title='bbox 398 2572 490 2626; x_wconf 83' lang='lat' dir='ltr'><strong><em>bat,</em></strong></span> <span class='ocrx_word' id='word_1_258' title='bbox 519 2572 596 2616; x_wconf 76' lang='lat' dir='ltr'><strong><em>secl</em></strong></span> <span class='ocrx_word' id='word_1_259' title='bbox 618 2573 752 2617; x_wconf 91' lang='lat' dir='ltr'><strong><em>alacri</em></strong></span> <span class='ocrx_word' id='word_1_260' title='bbox 777 2574 891 2617; x_wconf 74' lang='lat' dir='ltr'><strong><em>vulta</em></strong></span> <span class='ocrx_word' id='word_1_261' title='bbox 923 2573 1184 2617; x_wconf 87' lang='lat' dir='ltr'><strong><em>modestiam.</em></strong></span> <span class='ocrx_word' id='word_1_262' title='bbox 1213 2573 1316 2616; x_wconf 86' lang='lat' dir='ltr'><strong><em>Non</em></strong></span> <span class='ocrx_word' id='word_1_263' title='bbox 1339 2571 1507 2626; x_wconf 87' lang='lat' dir='ltr'><strong><em>timida,</em></strong></span> <span class='ocrx_word' id='word_1_264' title='bbox 1531 2588 1619 2616; x_wconf 90' lang='lat' dir='ltr'><strong><em>non</em></strong></span> <span class='ocrx_word' id='word_1_265' title='bbox 1648 2570 1821 2625; x_wconf 81' lang='lat' dir='ltr'><strong><em>audax,</em></strong></span> <span class='ocrx_word' id='word_1_266' title='bbox 1844 2569 1922 2614; x_wconf 86' lang='lat' dir='ltr'><strong><em>sed</em></strong></span> 
     </span>
     <span class='ocr_line' id='line_1_31' title="bbox 400 2659 1919 2717; baseline 0 -19"><span class='ocrx_word' id='word_1_267' title='bbox 400 2668 675 2717; x_wconf 83' lang='lat' dir='ltr'><strong><em>temperatum</em></strong></span> <span class='ocrx_word' id='word_1_268' title='bbox 691 2659 965 2704; x_wconf 73' lang='lat' dir='ltr'><strong><em>verecundiae</em></strong></span> <span class='ocrx_word' id='word_1_269' title='bbox 991 2670 1103 2703; x_wconf 84' lang='lat' dir='ltr'><strong><em>metu</em></strong></span> <span class='ocrx_word' id='word_1_270' title='bbox 1130 2659 1287 2704; x_wconf 75' lang='lat' dir='ltr'><strong><em>virilem</em></strong></span> <span class='ocrx_word' id='word_1_271' title='bbox 1312 2661 1502 2702; x_wconf 88' lang='lat' dir='ltr'><strong><em>animum</em></strong></span> <span class='ocrx_word' id='word_1_272' title='bbox 1508 2660 1734 2716; x_wconf 79' lang='lat' dir='ltr'><strong><em>Jaeminco</em></strong></span> <span class='ocrx_word' id='word_1_273' title='bbox 1756 2660 1799 2700; x_wconf 88' lang='lat' dir='ltr'><strong><em>in</em></strong></span> <span class='ocrx_word' id='word_1_274' title='bbox 1825 2671 1919 2699; x_wconf 89' lang='lat' dir='ltr'><strong><em>cor-</em></strong></span> 
     </span>
    </p>
   </div>
   <div class='ocr_carea' id='block_1_2' title="bbox 395 2742 1918 2808">
    <p class='ocr_par' dir='ltr' id='par_1_2' title="bbox 395 2742 1918 2808">
     <span class='ocr_line' id='line_1_32' title="bbox 395 2742 1918 2808; baseline -0.001 -23"><span class='ocrx_word' id='word_1_275' title='bbox 395 2759 500 2801; x_wconf 80' lang='lat' dir='ltr'><strong><em>pore</em></strong></span> <span class='ocrx_word' id='word_1_276' title='bbox 530 2745 715 2803; x_wconf 77' lang='lat' dir='ltr'><strong><em>gerebat.</em></strong></span> <span class='ocrx_word' id='word_1_277' title='bbox 753 2745 901 2790; x_wconf 87' lang='lat' dir='ltr'><strong><em>Vestes</em></strong></span> <span class='ocrx_word' id='word_1_278' title='bbox 934 2745 995 2790; x_wconf 86' lang='lat' dir='ltr'><strong><em>illi</em></strong></span> <span class='ocrx_word' id='word_1_279' title='bbox 1025 2745 1271 2808; x_wconf 80' lang='lat' dir='ltr'><strong><em>multiplices</em></strong></span> <span class='ocrx_word' id='word_1_280' title='bbox 1299 2755 1447 2791; x_wconf 85' lang='lat' dir='ltr'><strong><em>crant:</em></strong></span> <span class='ocrx_word' id='word_1_281' title='bbox 1477 2760 1564 2789; x_wconf 85' lang='lat' dir='ltr'><strong><em>non</em></strong></span> <span class='ocrx_word' id='word_1_282' title='bbox 1601 2742 1801 2797; x_wconf 85' lang='lat' dir='ltr'><strong><em>monilia,</em></strong></span> <span class='ocrx_word' id='word_1_283' title='bbox 1831 2756 1918 2785; x_wconf 87' lang='lat' dir='ltr'><strong><em>non</em></strong></span> 
     </span>
    </p>
   </div>
  </div>
 </body>
</html>
