2023 3091
0 819 14 947 ,πηνα

558 106 606 157 74

441 199 567 247 aeque
597 190 654 229 sic
679 185 845 244 efflictis,
877 181 1113 222 Lucretiam
1128 181 1286 233 furtim
1317 183 1504 239 aspexit,
1539 193 1579 223 et
1601 182 1742 225 oculos
1773 185 1949 242 conjecit

442 276 483 315 in
515 273 675 324 oculos,
704 283 836 328 mque
864 275 961 322 post
990 261 1168 306 reditum
1195 268 1335 324 prima
1366 264 1647 308 consalutatio
1657 269 1762 322 suit.

504 441 659 483 Paucis
684 431 836 476 deinde
863 434 1087 496 interjectis
1106 432 1272 488 diebus,
1299 432 1449 487 Nisus,
1467 431 1635 476 Euriali
1644 432 1762 493 fidus
1784 451 1920 480 comes
1933 468 1949 489 ,

444 526 543 567 dum
563 522 720 564 anxius
749 520 878 561 amici
900 521 1189 576 causaesavet
1204 551 1221 573 ,
1240 518 1463 562 tabernam
1486 518 1723 578 speculatus
1739 529 1819 572 est,
1842 535 1952 579 quae

441 618 533 668 post
548 603 743 647 Menelai
763 602 936 646 domum
959 606 1060 658 sita,
1078 606 1124 646 in
1143 603 1365 646 Lucretiae
1387 618 1601 646 cameram
1621 614 1847 646 retrorsum
1871 604 1954 646 lta-

442 689 571 733 hebai
592 691 799 732 intuitum.
825 687 1073 749 Cauponem
1087 691 1210 749 igitur
1231 688 1313 731 sibi
1335 687 1548 742 conciliat,
1567 698 1838 747 spectatoque
1854 687 1946 731 loco

441 773 664 817 Eurialum
683 773 869 818 adducit.
884 773 942 818 Et
957 775 1057 829 hac,
1081 777 1233 836 inquit,
1248 791 1308 817 ex
1316 775 1515 831 fenestra
1535 773 1698 834 alloqui
1715 772 1956 816 Lucretiam

437 861 607 919 poteris.
639 857 792 900 Media
821 861 931 901 inter
954 867 1173 918 utramque
1205 858 1378 902 domum
1407 859 1554 901 cloaca
1574 860 1669 915 fuit
1699 875 1775 902 nec
1797 858 1958 900 homini

441 962 519 987 nec
538 943 619 986 soli
637 959 821 985 accessa.
856 941 1004 984 Trium
1032 943 1229 985 ulnarum
1253 943 1455 987 distantia
1460 946 1703 1001 fenestram
1735 942 1958 986 Lucretiae

442 1027 773 1071 discriminabat.
790 1027 878 1070 Hic
903 1026 975 1069 diu
991 1025 1180 1069 consedit
1202 1037 1389 1082 amator,
1403 1038 1636 1088 expectans
1659 1030 1696 1071 si
1720 1030 1813 1087 quis
1838 1043 1960 1070 casus

444 1113 684 1156 Lucretiam
712 1111 968 1164 ostenderet,
997 1127 1074 1154 nec
1094 1109 1290 1169 deceptus
1306 1121 1379 1153 est.
1395 1110 1536 1168 Afficit
1552 1113 1723 1156 tandem
1741 1112 1953 1154 Lucretia.

447 1198 632 1258 Cumque
663 1197 744 1240 huc
776 1207 904 1257 atque
945 1195 1042 1237 illuc
1083 1197 1322 1254 respiceret:
1356 1192 1473 1250 Quid
1514 1198 1622 1254 agis,
1651 1199 1713 1238 ait
1743 1195 1963 1248 Eurialus,

447 1285 556 1325 vitae
587 1283 744 1324 rectrix
770 1281 923 1323 meae?
959 1278 1056 1336 Quo
1083 1277 1218 1322 tendis
1239 1278 1419 1331 lumina,
1444 1293 1518 1320 cor
1545 1280 1714 1321 meum?
1745 1279 1846 1321 Huc
1883 1279 1963 1321 huc

448 1366 575 1426 dirige
616 1366 758 1409 oculos
774 1397 791 1420 9
833 1366 1093 1424 praesidium
1143 1379 1293 1405 meum.
1324 1362 1400 1404 Me
1437 1379 1502 1405 me
1532 1379 1674 1405 assum
1704 1366 1872 1423 respice.
1906 1388 1962 1395 -—

452 1452 519 1494 Tu
543 1468 595 1494 ne
621 1452 686 1493 liic
718 1449 821 1493 ades
837 1482 854 1503 ,
884 1452 1019 1509 inquit
1045 1447 1276 1501 Lucretia,
1301 1463 1325 1489 o
1358 1450 1416 1489 mi
1440 1446 1654 1490 Euriale?
1685 1448 1793 1490 Jam
1823 1459 1862 1490 te
1894 1447 1963 1488 al-

447 1538 564 1597 loqui
590 1553 787 1597 possu1n5
818 1538 982 1577 utinam
1021 1545 1061 1576 ct
1086 1533 1283 1594 amplecti
1307 1532 1501 1576 valerem.
1535 1560 1592 1565 —
1626 1532 1688 1576 At
1727 1532 1841 1575 istud
1853 1565 1869 1585 ‚‚
1900 1534 1964 1574 ait

448 1621 667 1676 Eut-iulus,
686 1637 775 1664 non
799 1636 952 1679 magno
970 1630 1125 1662 conatu
1140 1621 1324 1674 faciam.
1342 1616 1515 1661 Scalam
1531 1618 1609 1660 huc
1630 1617 1865 1661 admovebo
1881 1634 1894 1657 .·
1911 1627 1955 1659 tu

448 1706 626 1748 observa
641 1705 895 1757 thalamum,-
910 1705 1065 1745 amoris
1086 1705 1217 1744 nostri
1236 1701 1439 1761 gaudium
1459 1704 1633 1744 nimium
1654 1701 1967 1743 distulimus.—

449 1791 580 1843 Cave,
610 1793 668 1832 mi
698 1788 893 1842 Euriak,
916 1791 953 1830 si
983 1804 1048 1830 me
1069 1790 1127 1830 vis
1147 1787 1325 1831 salvam:
1351 1790 1540 1840 fenestra
1562 1787 1628 1829 hic
1653 1786 1715 1829 ad
1738 1786 1966 1829 dexteram

450 1887 530 1930 estj
560 1877 797 1935 vicinusque
812 1875 1033 1934 pessimus,
1048 1888 1124 1914 nec
1149 1874 1333 1932 cauponi
1347 1871 1600 1915 credendum
1629 1881 1708 1925 est,
1738 1873 1812 1931 qui
1830 1885 1968 1929 parva

449 1964 632 2020 pecunia
663 1972 703 2003 et
735 1971 773 2002 te
804 1971 846 2002 et
874 1976 937 2001 me
967 1957 1174 2018 perderet.
1201 1958 1290 2002 Sed
1312 1958 1401 2001 alia
1425 1957 1663 2001 incedemus
1689 1959 1770 2000 via.
1796 1954 1876 1999 Sat
1907 1965 1968 1998 est

453 2048 490 2086 si
518 2045 613 2086 ltine
638 2046 823 2087 sermoni
850 2054 992 2086 nostro
1005 2054 1127 2103 patet
1156 2058 1365 2095 accessus,
1380 2040 1595 2101 respondit
1609 2040 1888 2083 Lucretia.—
1904 2036 1969 2080 At

455 2129 573 2181 ηιίῘιί,
603 2127 804 2170 Eurialus
834 2129 986 2188 inquit,
1016 2142 1127 2169 mors
1158 2138 1220 2169 est
1249 2126 1354 2168 haec
1387 2128 1506 2179 visio,
1535 2127 1618 2168 nisi
1640 2135 1680 2168 te
1711 2123 1840 2167 semel
1872 2139 1965 2165 am-

452 2213 631 2272 plector,
647 2216 827 2272 meisque
845 2213 1027 2254 brachiis
1045 2223 1164 2254 teneo
1189 2210 1385 2253 mediam.
1405 2237 1464 2243 —

516 2298 603 2339 Diu
619 2314 679 2339 eac
695 2297 772 2338 lioc
790 2298 881 2338 loco
900 2308 1055 2339 tractus
1078 2307 1138 2339 est
1169 2312 1302 2339 sermo
1306 2329 1323 2350 9
1345 2299 1552 2355 missaque
1570 2295 1665 2337 hinc
1694 2310 1764 2352 per
1796 2290 1971 2334 arundi-

458 2398 554 2423 nem.
577 2392 674 2423 sunt
697 2396 887 2422 munera.
920 2380 1012 2422 Nec
1029 2380 1229 2423 Eurialus
1255 2383 1296 2422 in
1322 2380 1442 2436 (lonis
1475 2396 1604 2439 quam
1635 2378 1832 2421 Lucretia
1864 2376 1971 2418 libe·

460 2465 592 2507 ralior
607 2467 711 2520 suit.

522 2549 659 2591 Sensit
684 2547 824 2589 dolum
842 2547 1003 2597 Sosius,
1024 2564 1262 2607 secumque,
1279 2548 1470 2599 Frustra:
1495 2549 1641 2606 inquit,
1657 2547 1891 2587 amantium
1907 2558 1972 2585 co-

464 2633 628 2674 natibus
662 2632 794 2674 olm-w.
828 2632 924 2673 Nisi
961 2644 1052 2673 astu
1092 2633 1291 2691 provideo
1325 2644 1363 2674 et
1407 2633 1509 2673 licra
1548 2630 1718 2689 peribit,
1749 2641 1788 2671 et
1825 2627 1971 2669 domus

465 2721 680 2767 infamiam
710 2717 873 2759 sultiltil.
907 2717 979 2758 Ι’,’.ι’
1012 2717 1070 2758 lei.»
1095 2717 1213 2760 malis
1248 2721 1343 2760 uuis
1369 2728 1427 2759 cst
1451 2733 1575 2758 ultime
1609 2726 1806 2758 avertere.
1842 2712 1970 2754 Ami!
