2023 3091
11 860 19 901 §.v
13 840 15 842 .
11 803 23 814 .·

27 886 30 894 -
22 818 32 831 ι

37 872 45 881 ι

551 175 576 202 o

412 162 754 284 Tum4Em·1·alus.·
775 237 878 300 quid
899 235 979 278 lzoc
994 234 1101 293 signi
1124 243 1204 289 cst,
1227 232 1412 279 Caesar?
1435 232 1558 276 Nihil
1581 234 1683 278 mihi
1704 251 1799 279 cum
1825 233 1921 291 illa,-

408 323 485 368 sed
512 325 590 368 lioc
604 328 758 379 jacere
789 325 1004 363 incautum
1033 326 1120 371 est,
1149 333 1203 362 ne
1233 321 1546 361 circumstantes
1576 318 1620 360 in
1641 321 1917 378 suspicionem

406 408 597 452 reducas.
630 433 687 440 —-

463 491 572 535 Erat
593 485 766 533 Eurialo
791 483 952 546 spadix
971 499 1122 544 equus,
1141 483 1304 527 arduae
1329 485 1496 527 cervicis
1525 486 1772 544 angustique
1796 488 1919 545 capi-

402 579 454 620 u's
470 608 487 630 ,
516 590 638 636 quem
675 580 719 613 et
753 569 888 613 brevis
918 568 1037 612 alvus
1067 578 1111 612 et
1140 568 1272 612 obesa
1302 578 1419 628 terga
1447 566 1720 628 spectabilem
1760 567 1916 613 redde·

403 661 508 703 bant
514 676 532 714 ,-
551 657 741 698 animoso
754 664 954 714 pectore5
978 652 1167 696 cruribus
1191 652 1507 695 luxuriantibus
1523 655 1598 712 qui
1610 663 1790 696 sonante
1815 653 1921 697 tuba

401 755 510 787 stare
545 739 637 782 loco
674 737 922 793 nesciebat3
952 735 1136 780 nutabat
1172 736 1379 790 auribus,
1416 748 1458 780 et
1490 735 1708 780 collectum
1724 739 1921 794 fremens

400 822 591 869 volvebat
609 822 686 865 sub
707 821 882 865 naribus
906 824 1064 882 ignem:
1079 820 1213 865 densa
1231 820 1340 880 juba
1356 831 1398 863 et
1412 820 1567 864 dextro
1574 821 1747 882 jactata
1764 837 1923 883 recum·

398 907 529 951 bebat
559 909 604 950 in
634 920 754 949 armo
771 922 789 960 ,-
819 916 863 948 et
892 921 1050 949 cavans
1079 904 1272 948 tellurem
1301 903 1436 947 solido
1468 919 1600 947 cornu
1631 908 1815 965 graviter
1847 921 1918 948 so-

396 992 533 1035 nabat
558 989 729 1051 ungula.
754 988 912 1033 Similis
939 988 1002 1030 illi
1020 987 1157 1044 fiebat
1187 988 1389 1032 Eurialus
1402 1021 1420 1043 9
1443 992 1532 1032 visa
1557 988 1766 1034 Lucretia.
1796 988 1921 1046 Quae

398 1078 495 1121 licet
516 1076 619 1120 dum
642 1075 735 1119 sola
744 1076 859 1132 fuit,
885 1071 1083 1116 claudere
1105 1074 1217 1116 viam
1240 1072 1490 1118 destinasset
1514 1077 1670 1117 amori:
1701 1085 1747 1118 ut
1776 1085 1920 1118 tamen

395 1161 513 1204 illum.
542 1163 742 1222 aspexit,
781 1175 858 1202 nec
899 1156 1072 1200 modum
1084 1157 1303 1216 flammae
1318 1188 1335 1210 ,
1366 1173 1442 1200 nec
1473 1158 1554 1200 sibi
1586 1159 1810 1218 ponebat;
1845 1159 1923 1203 sed

393 1257 440 1289 ut
463 1248 594 1289 siccus
619 1260 721 1305 ager
738 1246 814 1304 qui
837 1242 1021 1285 admisso
1050 1244 1144 1300 igne
1170 1239 1445 1293 comburitur,
1468 1243 1506 1283 si
1531 1240 1630 1285 Cori
1655 1243 1812 1302 perflat
1836 1242 1917 1285 ha-

392 1329 515 1383 litus,
544 1332 602 1372 sic
628 1328 781 1385 infelix
806 1327 1004 1369 Lucretia
1030 1325 1285 1368 exardebat.
1324 1323 1398 1366 Ita
1428 1335 1492 1367 est
1521 1341 1654 1380 sane,
1678 1337 1725 1368 ut
1747 1329 1921 1386 sapien.-

396 1414 505 1457 tibus
532 1412 715 1457 videtur:
739 1411 916 1455 humiles
934 1421 1097 1453 tantum
1115 1425 1238 1452 casas
1270 1409 1484 1451 inhabitat
1507 1413 1678 1453 castitas
1694 1443 1713 1465 ‚
1745 1410 1921 1471 solaque

392 1500 616 1557 pauperies
648 1495 803 1554 affectu
827 1511 933 1538 sano
961 1505 1154 1548 tenetur,
1178 1503 1218 1535 et
1243 1509 1354 1552 quae
1380 1492 1531 1535 (lomus
1559 1510 1602 1536 se
1632 1506 1795 1537 coercet
1824 1511 1921 1538 mo-

392 1582 500 1626 dico.
538 1581 700 1624 Divices
731 1579 859 1624 aedes
892 1582 1021 1623 nescit
1059 1578 1277 1638 pudicitia.
1322 1577 1519 1638 Quisquis
1559 1577 1750 1621 secundis
1796 1578 1918 1622 rebus

392 1666 580 1720 exultat,
602 1679 765 1726 semper
785 1664 956 1708 insolita
978 1666 1140 1724 appetit
1153 1695 1170 1717 ,
1193 1661 1398 1706 delicatas
1420 1663 1531 1721 eligit
1551 1661 1699 1705 domos
1721 1673 1761 1705 et
1782 1679 1919 1723 pena-

393 1761 453 1794 tes
484 1766 670 1811 magnos.
696 1750 1027 1805 Dirafbrtunae
1053 1764 1190 1790 comes
1220 1746 1364 1790 libido.
1399 1745 1576 1789 Intuens
1609 1749 1732 1806 igitur
1759 1747 1916 1790 Euria-

392 1834 479 1876 Iunz
495 1851 625 1894 quam
647 1849 775 1892 saepe
798 1842 1084 1875 transeuntem
1106 1830 1326 1884 Lucretia,
1347 1847 1422 1873 nee
1439 1830 1636 1874 ardorem
1653 1847 1918 1890 compescere

368 1960 372 1964 ,
389 1930 560 1977 potens,
595 1917 669 1959 (liu
693 1933 833 1960 secum
863 1917 1059 1975 cogitavit
1089 1917 1158 1957 eui
1195 1916 1456 1974 patefaceret
1466 1931 1483 1970 5
1518 1931 1620 1957 narn
1651 1917 1728 1975 qui
1767 1917 1916 1959 tacitus

392 2001 533 2055 ardet,
553 2004 683 2061 magis
705 2003 849 2044 uritur.
871 1999 979 2042 Erat
1000 2003 1108 2042 inter
1128 2002 1205 2042 viri
1224 2015 1362 2042 servos
1389 1997 1552 2053 Sosias,
1577 2001 1829 2053 teutonicus,
1853 2015 1918 2042 se-

393 2102 501 2139 nex,
531 2087 714 2144 heroque
731 2084 866 2144 siclus,
897 2087 965 2127 cui
979 2083 1150 2145 jamdiu
1181 2086 1383 2127 servierat
1414 2083 1655 2127 liberaliter.
1681 2083 1812 2126 IIunc
1835 2099 1915 2143 ag-

388 2168 576 2230 greditur
600 2185 779 2222 (tinans,
807 2168 903 2227 plus
929 2171 1094 2211 nationi
1122 2184 1253 2228 quam
1278 2168 1438 2210 homini
1467 2166 1652 2210 eredens.

454 2252 559 2295 Ibat
590 2269 747 2312 magna
776 2268 999 2311 procerum
1028 2255 1211 2313 stipante
1243 2262 1412 2295 caterva
1440 2267 1519 2311 per
1549 2252 1696 2294 urbem
1727 2251 1918 2306 Caesar,

387 2339 564 2397 jamque
585 2335 807 2379 Lucretiae
833 2335 1006 2379 domum
1024 2336 1318 2396 praeteribat;
1338 2352 1448 2395 quae
1474 2335 1547 2378 ubi
1576 2335 1725 2379 adesse
1760 2335 1916 2378 Euria-

395 2422 483 2464 lum
497 2423 711 2481 cognovit:
736 2420 884 2464 adesto
902 2453 918 2474 ,
947 2424 1081 2480 inquit
1094 2453 1109 2475 ,
1141 2420 1296 2475 Sosia5
1324 2423 1472 2480 paucis
1512 2432 1550 2463 te
1592 2420 1700 2463 volo.
1741 2419 1916 2479 Respice

395 2505 592 2548 deorsum
616 2507 900 2562 exse-nestra:
920 2505 993 2547 ubi
1010 2522 1111 2547 nam
1129 2509 1314 2565 gentium
1326 2507 1523 2565 juventus
1543 2517 1605 2548 est
1625 2505 1721 2548 huie
1741 2504 1918 2547 similis?

400 2589 511 2633 Vide
547 2599 592 2632 ut
626 2604 770 2632 omnes
796 2589 1076 2632 calamistrati
1110 2601 1226 2643 sunt,
1256 2591 1382 2632 erecti
1413 2588 1689 2631 eminentibus
1719 2588 1916 2633 humeris.

395 2671 555 2731 Aspice
585 2689 806 2719 caesareos
832 2685 872 2717 et
893 2673 1066 2717 madido
1089 2677 1196 2718 cirre
1218 2685 1428 2718 contortos
1449 2676 1596 2717 crines.
1625 2672 1666 2716 Ο
1685 2672 1832 2733 quales
1840 2675 1918 2728 ja-

396 2758 497 2799 cies!
522 2759 679 2801 Omnes
702 2758 841 2804 lactea
857 2758 1150 2816 colluserunt!
1172 2776 1256 2820 quo
1281 2776 1370 2804 sese
1391 2758 1645 2815 eraserunt!
1664 2760 1920 2819 quamforti
