2023 3091
535 161 585 201 92

419 228 541 272 luisse
571 227 731 271 nudam
761 223 975 280 cottjugem
1005 221 1117 260 socio
1148 219 1455 271 demonstrare,
1487 229 1533 260 ut
1559 219 1722 278 plenius
1753 234 1934 267 sumeret

413 313 628 373 gaudium.
662 310 749 367 ligo
782 319 947 364 quoque
987 302 1131 345 itidem
1153 305 1371 360 jacerem,
1400 304 1436 343 si
1465 303 1659 357 facultas
1691 318 1815 362 esset5
1845 307 1931 349 Lu-

416 401 589 441 cretiam
619 394 695 436 tibi
722 389 883 432 nudam
913 387 1188 431 ostenderem.
1224 387 1365 430 Aliter
1409 399 1550 429 autem
1588 404 1664 430 nec
1702 389 1778 431 tibi
1813 392 1936 449 effizri

415 492 578 542 quanta
606 480 659 518 sit
688 477 776 535 ejus
813 472 1085 534 pulchritudo
1126 489 1318 532 possum,
1364 487 1440 514 nec
1488 482 1531 514 tu
1576 488 1705 532 quam
1736 473 1933 530 solidum,

415 577 623 626 quamque
651 559 824 620 plenum
857 576 992 602 meum
1009 561 1150 615 suerit
1176 557 1380 618 gaudium
1397 568 1519 616 potes
1541 556 1822 601 considerare.
1847 557 1936 602 Sed

415 644 630 706 congaude
662 655 706 687 tu
737 645 857 698 mihi,
886 647 988 705 quia
1020 645 1160 704 major
1174 645 1268 699 suit
1300 643 1491 702 voluptas
1523 658 1618 684 mea
1639 658 1769 702 quam
1800 643 1934 686 verbis

414 741 542 791 queat
572 731 746 789 exponi.
769 755 823 761 —

475 814 545 859 Sic
576 814 776 857 Eur-ialus
796 831 890 856 cum
921 813 1043 856 Niso.
1075 813 1170 857 Nec
1199 815 1407 873 pauciora
1431 828 1571 855 secum
1596 810 1795 856 Lucretia
1824 811 1936 856 diee-

413 900 502 943 bat.
523 899 628 961 Ejus
650 910 793 941 tamen
824 909 943 940 tanto
975 901 1113 940 minor
1136 898 1299 940 laetitia
1315 900 1408 955 fuit
1433 913 1518 957 quo
1539 900 1795 940 taciturnior.
1826 896 1936 940 Aliis

403 984 539 1044 fidem
563 1000 651 1026 non
681 982 856 1035 habuit,
888 992 932 1023 ιιι
953 995 1040 1024 rem
1069 993 1211 1040 posset
1233 984 1412 1038 referre:
1442 981 1591 1026 Sosiae
1624 998 1718 1024 non·
1745 980 1936 1026 audebat

409 1085 516 1130 prae
549 1067 801 1112 verecundia
833 1077 966 1109 totum
997 1080 1192 1108 narrare.

473 1155 669 1198 Pacorus
699 1157 879 1207 interea,
907 1152 1165 1194 Pannonius
1197 1166 1342 1211 equeS,
1372 1150 1497 1194 domo
1524 1152 1694 1205 nobilis,
1723 1154 1797 1213 qui
1826 1151 1936 1195 Cae-

413 1257 553 1284 sarem
582 1240 857 1300 sequebatur,
887 1237 1038 1281 ardere
1070 1237 1312 1280 Lucretiam
1343 1239 1493 1296 caepit.
1516 1237 1574 1280 Et
1599 1241 1700 1298 quia
1716 1243 1938 1294 formosus

414 1337 525 1379 erat,
553 1323 770 1368 redamari
786 1322 989 1383 putabat,
1010 1321 1228 1382 solamque
1243 1323 1471 1376 foeminae
1493 1321 1744 1382 pudicitiam
1768 1322 1938 1365 obstare

413 1410 495 1453 sibi
524 1409 709 1453 rebatur.
727 1407 829 1467 Illa,
845 1410 951 1450 sicut
980 1424 1070 1449 mos
1101 1417 1164 1449 est
1184 1409 1336 1449 nostris
1357 1405 1625 1466 dominabus,
1658 1424 1804 1450 omnes
1824 1407 1939 1451 vultu

415 1494 576 1538 blando
598 1493 853 1537 intuebatur.
871 1492 961 1535 Ars
991 1503 1052 1535 est
1082 1494 1164 1534 sive
1196 1490 1386 1550 deceptio
1416 1493 1578 1551 potius,
1607 1508 1660 1535 ne
1683 1507 1802 1535 verus
1819 1507 1942 1534 amor

411 1580 561 1639 palam
584 1579 677 1637 fiat.
710 1577 881 1620 Insanit
912 1577 1123 1629 Pacorus,
1155 1591 1234 1618 nec
1274 1574 1486 1617 consolari
1519 1586 1675 1635 potest,
1705 1575 1754 1618 ni
1780 1574 1939 1618 Lucre-

414 1667 498 1707 tiae
529 1674 709 1706 mentem
738 1665 982 1722 persentiat.
1016 1660 1163 1703 Solent
1194 1671 1415 1701 matronae
1435 1658 1642 1702 Senenses
1670 1659 1731 1702 ad
1757 1662 1940 1719 primum

413 1747 599 1807 lapidem
631 1745 833 1788 sacellum
864 1744 986 1788 divae
1019 1742 1210 1796 Mariae,
1225 1742 1341 1803 quod
1355 1745 1399 1784 in
1419 1742 1641 1786 Bethleem
1671 1754 1940 1803 nuncupant,

413 1835 581 1892 saepius
612 1833 791 1874 visitare.
824 1830 925 1872 IIuc
957 1828 1180 1881 Lucretia,
1210 1827 1376 1870 duabus
1414 1833 1614 1870 comitatu
1645 1828 1868 1888 virginibus
1900 1839 1941 1871 et

414 1935 503 1960 anu
533 1916 742 1977 quadam,
770 1913 1126 1975 proficiscebatur.
1158 1911 1357 1972 Sequitur
1386 1912 1598 1967 Pacorus,
1628 1912 1865 1973 violamque
1896 1916 1941 1956 in

417 2019 547 2043 manu
573 2013 742 2061 gestans
773 2000 989 2043 deauratis
1016 1999 1151 2053 foliis,
1187 2000 1232 2040 in
1271 1999 1388 2057 cujus
1419 1997 1528 2040 collo
1560 1998 1782 2057 epistolam
1814 2014 1939 2040 ama-

418 2089 570 2129 torium
592 2086 811 2128 subtilibus
833 2088 1077 2145 inscriptam
1093 2083 1370 2136 membranis,
1385 2082 1680 2126 absconderat.
1701 2082 1796 2125 Nec
1820 2085 1942 2125 mire-

419 2187 481 2225 re,·
498 2170 671 2212 tradidit
687 2172 797 2212 enim
815 2169 958 2213 Cicero
984 2168 1171 2212 Iliadem
1186 2185 1229 2211 se
1247 2166 1394 2211 vidisse
1416 2169 1476 2209 ita
1496 2166 1704 2210 subtiliter
1727 2169 1941 2226 scriptam,

418 2267 463 2298 ut
493 2267 598 2298 testa
630 2259 745 2297 nucis
777 2255 1055 2298 clatuleretur.
1092 2252 1228 2310 Offert
1248 2251 1404 2294 violam
1424 2251 1645 2294 Lucretiae
1669 2267 1795 2311 seque
1829 2267 1941 2294 com-

417 2339 591 2383 mendat
621 2339 827 2382 Pacorus.
874 2339 1050 2399 Respuit
1079 2337 1238 2380 donum
1269 2335 1477 2379 Lucretia.
1510 2334 1653 2377 Instat
1684 2335 1939 2378 Pannonius

417 2427 577 2483 ›tzagnis
597 2423 803 2482 precibus.
833 2422 940 2464 Tum
963 2439 1096 2465 anus:
1113 2422 1288 2480 Recipe,
1305 2423 1456 2480 inquit,
1485 2419 1608 2473 lzera,
1632 2419 1838 2461 donatum
1856 2419 1942 2473 slo-

418 2524 522 2562 rem7·
561 2507 665 2566 quid
703 2509 820 2549 times
862 2507 934 2548 ubi
963 2506 1125 2548 nullum
1158 2504 1429 2565 periculum?
1470 2519 1608 2564 parra
1646 2519 1711 2545 res
1752 2514 1815 2544 est
1852 2518 1940 2562 qua

418 2604 536 2652 potes
554 2592 663 2634 hunc
681 2591 850 2633 militem
879 2591 1068 2649 placare.
1101 2617 1159 2624 —
1186 2589 1340 2635 Secuta
1357 2600 1417 2633 est
1439 2587 1634 2631 Lucretia
1651 2587 1808 2630 anilem
1838 2602 1939 2629 sua-

420 2679 597 2730 sionem,
619 2676 853 2737 violamque
879 2679 1068 2736 suscepit.
1104 2677 1348 2736 Parumque
1378 2674 1487 2718 ultra
1518 2689 1764 2733 progressa,
1786 2670 1941 2715 violam

423 2760 546 2803 alteri
575 2777 634 2803 ea:
665 2759 885 2821 virginibus
918 2759 1102 2803 tradidit.
