2023 3091
335 227 443 268 tiene
472 224 500 267 il
529 228 689 267 trattato
718 222 763 263 da:
792 220 941 261 duobus
968 219 1203 273 amantibus,
1241 219 1282 260 in
1312 219 1390 262 fine
1421 234 1443 264 a
1473 223 1534 264 cui
1565 224 1588 265 e
1618 228 1860 270 sottoscritta

333 295 374 338 la
403 294 494 337 data
523 293 562 336 di
593 292 748 334 Vienna
785 289 917 344 ¹444,
952 286 993 330 13
1021 287 1196 331 secunda
1229 293 1342 346 parte
1372 289 1557 333 contiene
1592 291 1769 348 Epistola
1796 296 1862 337 do·

331 378 442 417 cens,
471 363 575 422 quod
600 362 652 401 si!
692 357 895 399 remedium
923 360 1056 400 contra
1096 370 1283 410 amorem,
1327 370 1404 400 con
1446 358 1489 400 in
1523 358 1602 402 fine
1629 360 1670 404 la
1698 360 1790 404 data
1819 362 1859 404 di

333 432 491 474 Vienna
528 427 644 480 1446.

334 564 523 611 rEncac
549 557 698 606 Siluii
720 555 944 604 Libellus
974 556 1035 604 de
1059 557 1249 603 duobus
1279 558 1553 605 nutantibus
1585 559 1776 606 eurialo
1814 567 1859 608 ct

399 642 603 686 [nictelia
618 672 633 697 ,
681 640 732 683 in
769 634 837 682 4?
872 653 1014 683 senza
1038 634 1147 683 data
1172 635 1230 683 ne
1255 635 1402 702 luogo
1425 654 1454 685 o
1479 653 1618 686 nome
1643 637 1691 685 di
1717 646 1859 686 stam-

396 727 581 784 patore‚
605 733 680 765 mn
704 718 832 763 circa
855 714 934 763 del
962 713 1131 764 1476.

533 832 696 867 Edizione
721 842 740 864 a
764 830 854 864 iinee
879 829 1025 872 distese,
1051 831 1094 864 30
1119 841 1182 876 per
1205 830 1364 864 ciascuna
1392 832 1516 876 pagina
1540 831 1676 867 inticra.

324 1005 506 1069 Incipit
533 1000 825 1049 tractatulus
851 1001 911 1047 de
935 1000 1123 1046 duobus
1148 1002 1420 1046 seinvicem
1441 1001 1713 1047 urinantibus
1736 1016 1855 1048 com-

386 1099 578 1163 positus
589 1111 682 1160 pet·
700 1091 813 1139 dnm
837 1090 1024 1138 Encam
1038 1089 1248 1139 Siluium
1263 1096 1477 1155 poetam:
1490 1089 1855 1157 Imperialcmq'?

392 1189 748 1237 Sccrctarium:
784 1186 869 1248 qui
903 1184 1096 1230 tandem
1134 1183 1201 1229 ad
1226 1183 1400 1229 summi
1424 1182 1687 1246 apostolat’
1720 1182 1856 1247 apice

391 1287 686 1346 assumptus:
710 1278 837 1326 Pius
857 1293 994 1343 papa
1020 1275 1272 1324 Secundus
1295 1281 1496 1323 vocatus
1521 1282 1607 1323 cst.

442 1415 505 1463 Ed
537 1418 578 1460 in
610 1415 693 1458 fine

317 1543 452 1593 Enee
472 1539 627 1602 Siluii
643 1537 1003 1585 Piclaolominei
1022 1533 1224 1583 Scnfesis
1238 1540 1419 1599 poetae
1437 1534 1665 1582 laureati:
1673 1542 1852 1600 postea

384 1633 478 1698 Pij
507 1647 671 1698 papae
713 1627 928 1675 Secundi
967 1626 1232 1689 nuncupati
1254 1642 1267 1671 .-
1309 1623 1519 1673 historia
1561 1626 1622 1672 de
1663 1626 1851 1673 duobus

383 1722 660 1772 amantibus
694 1718 911 1782 feliciter
939 1715 1077 1779 finit:
1126 1714 1226 1762 Sub
1274 1731 1400 1761 anno
1447 1715 1541 1762 dra·
1578 1714 1732 1762 1492
1773 1717 1853 1763 die

384 1817 554 1882 quinta
577 1811 727 1862 tnesis
761 1808 950 1873 Μαι-εἰ]
982 1807 1179 1855 sedente
1205 1804 1494 1855 Innocentio
1523 1805 1709 1854 Octavo
1725 1824 1852 1872 pon-

381 1905 512 1971 tifice
534 1905 774 1952 maximo:
797 1899 949 1950 Anno
974 1898 1084 1962 ejus
1108 1914 1215 1946 vm.

370 2032 481 2076 Bella
509 2029 694 2074 edizione
721 2027 765 2072 in
793 2027 856 2081 4⁰
884 2024 1053 2084 picc010‚
1082 2027 1276 2066 carattere
1305 2021 1439 2080 gotico
1467 2036 1590 2066 senza
1634 2021 1730 2066 ciire
1747 2055 1761 2080 ‚
1797 2023 1850 2066 ne

314 2107 543 2160 segnature,
570 2100 623 2142 ne
651 2098 774 2157 luogo
804 2110 829 2139 o
859 2108 978 2138 nome
1008 2092 1113 2136 dello
1143 2097 1401 2150 stampatore,
1429 2105 1495 2135 ma
1523 2091 1777 2135 debb'essere
1807 2093 1848 2134 in

313 2172 461 2226 Roma,
492 2168 736 2212 consistente
765 2166 809 2208 in
848 2165 902 2205 26
939 2161 1131 2220 foglietti,
1159 2174 1368 2218 compreso
1398 2174 1477 2203 uno
1506 2166 1606 2203 tutto
1634 2159 1777 2203 bianco
1806 2160 1849 2204 in

311 2239 404 2282 fine.
436 2238 584 2281 Aicune
615 2236 761 2294 pagine
791 2247 892 2276 sono
923 2231 962 2273 di
994 2232 1046 2272 33
1076 2229 1183 2272 linee
1211 2229 1311 2272 altre
1341 2228 1382 2270 di
1412 2231 1464 2269 32
1496 2228 1727 2271 solamente.

369 2307 509 2360 Quest'
526 2305 709 2349 edizione
738 2317 811 2361 per
840 2314 976 2345 essere
1007 2298 1176 2357 perfetta
1214 2297 1304 2340 dev'
1321 2311 1458 2341 essere
1485 2297 1751 2354 susseguitata
1781 2297 1846 2341 dai

312 2375 496 2434 seguenti
525 2373 706 2434 opusculi
734 2371 976 2416 dell'autore
1002 2366 1247 2424 mede-simo,
1272 2366 1381 2409 cioe:

311 2539 380 2583 De
414 2537 647 2581 Curialium
677 2536 861 2579 miseria.

313 2623 379 2667 De
411 2625 608 2683 captione
641 2621 753 2664 urbis
787 2614 1257 2676 constantinopolitane
1290 2615 1411 2672 (sic).

311 2707 531 2752 Sonmium
562 2706 710 2751 Eneac
743 2705 868 2766 Siluil'
899 2702 953 2747 de
970 2704 1175 2760 sbrtuna.

361 2832 374 2873 (
395 2832 419 2864 Α
444 2830 557 2877 questi
581 2835 634 2865 tre
658 2827 815 2875 opuscoli
841 2836 1012 2863 maucano
1037 2824 1071 2858 in
1098 2821 1160 2868 pin
1185 2821 1367 2868 esemplari
1390 2821 1422 2858 Ιο
1447 2820 1574 2858 iniziaii
1600 2820 1657 2854 dei
1683 2821 1794 2866 capi)
