2023 3091
490 183 543 237 34

360 266 538 320 fibulae,
565 281 654 309 non
685 265 832 315 baltei,
861 274 949 302 non
979 258 1175 303 armillae
1206 259 1396 304 deerant.
1431 260 1700 309 Redimicula
1731 269 1888 328 capitis

362 350 548 406 minfica.
575 350 707 392 Multi
724 348 899 389 uniones
914 341 1254 405 adamantesque
1277 356 1364 388 tum
1381 348 1425 388 in
1441 345 1597 407 (figitis,
1614 348 1760 394 tum'in
1772 358 1886 399 'serto

357 438 490 488 licere.
531 436 633 478 Non
671 428 885 473 Helenam
914 427 1201 488 pulchriorem
1214 432 1357 487 finisse
1398 430 1664 488 crediderim,
1705 450 1788 496 quo
1819 435 1888 480 die

362 520 566 563 Paridem
592 521 633 558 in
654 516 889 557 convivium
920 512 1150 557 Menelaus
1181 518 1364 574 excepit.
1395 515 1490 560 Nec
1513 521 1770 562 ornatiorem
1786 518 1887 562 An-

362 603 639 647 dromacham
653 615 750 640 cum
765 601 896 641 sacris
929 598 1128 642 Hectoris
1160 601 1329 642 initiata
1361 611 1423 642 est
1452 604 1620 662 nuptiis.
1653 601 1779 646 Inter
1807 603 1888 646 has

362 686 589 730 Camerina
610 682 825 725 Peruchia
837 684 937 736 fuit,
961 698 1073 742 quae
1098 682 1232 742 paulo
1260 695 1356 743 post
1377 685 1461 726 vita
1469 687 1632 741 fimeta
1664 684 1889 730 Caesarem

359 774 402 813 in
453 766 649 810 uneribus
680 766 849 821 habuit,
881 778 923 809 et
949 778 1129 828 gnatum
1160 769 1250 829 ejus
1282 768 1430 811 militia
1447 781 1546 813 ante
1563 770 1799 831 sepulcrum
1814 771 1891 814 do-

358 855 497 908 navit5
522 853 713 914 quamvis
744 853 791 893 in
807 853 954 908 facies
986 852 1110 912 hujus
1143 868 1312 913 quoque
1345 853 1551 896 mirabilis
1563 856 1742 912 sbrmae
1763 855 1891 899 decus

357 937 570 991 elucebat,
590 937 767 994 infitior
794 934 1162 979 tamenvLucretia
1182 948 1286 980 erat.
1308 936 1457 980 Omnis
1473 937 1526 981 de
1543 938 1741 982 Lucretia
1755 955 1892 982 sermo

356 1021 624 1065 audiebatur.
650 1020 783 1063 Hanc
805 1017 986 1072 Caesar,
1010 1018 1123 1061 hanc
1143 1023 1301 1063 caeteri
1316 1021 1651 1076 comendabant,
1667 1023 1892 1067 intueban-

356 1119 518 1169 turque.
567 1106 847 1166 Quocumque
885 1103 961 1147 illa
992 1102 1260 1158 vertebatur,
1289 1121 1339 1147 eo
1384 1117 1427 1148 et
1465 1107 1577 1150 oculi
1606 1108 1895 1168 sequebantur

357 1195 601 1236 astantium.
626 1190 686 1234 Et
699 1193 806 1234 sicut
830 1188 1028 1249 Orpheus
1043 1203 1147 1231 sono
1174 1188 1364 1231 citharae
1380 1189 1521 1249 sylvas
1547 1207 1599 1233 ac
1614 1208 1732 1235 saxa
1751 1209 1892 1236 secum

343 1281 491 1334 fertur
521 1279 722 1320 traxisse:
743 1278 804 1327 sic
825 1277 910 1318 ista
940 1274 1132 1317 homines
1152 1290 1228 1317 suo
1257 1290 1522 1334 quocumque
1548 1276 1718 1320 volebat
1741 1279 1895 1320 intuitu

358 1361 555 1404 ducebat.
591 1361 710 1404 Unus
742 1371 887 1402 tamen
918 1361 1029 1402 inter
1051 1374 1198 1402 omnes
1215 1358 1313 1418 plus
1333 1375 1472 1420 aequo
1494 1362 1539 1402 in
1567 1360 1895 1417 illamjerebat,

359 1444 562 1489 Eurialus
588 1444 782 1499 Franc05
803 1460 930 1505 quem
954 1459 1031 1487 nec
1052 1445 1192 1486 amori
1189 1445 1346 1501 jbrma
1366 1460 1443 1487 nec
1464 1443 1635 1487 divitiae
1657 1444 1896 1487 reddebant

359 1535 560 1593 ineptum.
577 1530 774 1573 Duorum
798 1541 839 1573 et
856 1532 1028 1590 triginta
1053 1545 1266 1573 annorum
1287 1541 1400 1586 erat;
1421 1546 1508 1573 non
1525 1532 1743 1573 eminentis
1760 1541 1894 1573 statu·

361 1634 434 1660 rae
466 1616 543 1660 sed
572 1616 732 1670 laetae,
761 1627 996 1676 grataeque
1022 1615 1312 1658 habitudinis:
1339 1615 1568 1658 illustribus
1589 1613 1739 1669 oculis,
1765 1615 1892 1658 malis

361 1701 422 1743 ad
447 1704 633 1761 gratiam
663 1700 1017 1753 tumescentibus,
1047 1701 1223 1742 caeteris
1255 1698 1452 1741 membris
1483 1714 1570 1741 non
1591 1701 1682 1742 sine
1703 1697 1896 1759 quadam

361 1787 583 1844 majestate
615 1785 759 1828 decori
794 1794 984 1826 staturae
1022 1782 1458 1842 correspondentibus.
1496 1778 1671 1843 Reliqui
1712 1781 1895 1825 curiales

359 1882 535 1931 propter
571 1870 846 1931 longinquam
882 1868 1077 1911 militiam
1115 1884 1261 1912 omnes
1297 1883 1403 1910 auro
1437 1870 1609 1911 excussi
1637 1877 1774 1910 erant.
1808 1866 1895 1910 Hic

363 1960 465 2016 quia
496 1968 538 1999 et
567 1956 686 1999 domi
715 1954 972 1997 abundabat
1002 1965 1044 1997 et
1071 1965 1248 2014 propter
1267 1941 1498 1996 amicitiam
1519 1953 1714 1997 Caesaris
1736 1968 1896 2012 magna.

366 2056 543 2082 munera
560 2039 808 2099 recipiebat,
823 2041 866 2080 in
882 2037 971 2081 dies
991 2040 1186 2080 ornatior
1204 2037 1491 2096 conspectibus
1510 2037 1725 2079 hominum
1743 2035 1896 2079 redde·

367 2126 505 2167 batur.
523 2125 714 2165 Lonrrum
724 2123 987 2175 famulorum
1003 2121 1196 2165 ordinem
1214 2123 1422 2181 positione
1439 2119 1638 2163 ducebat:
1657 2111 1771 2162 nunc
1787 2116 1895 2163 auro

615 2159 639 2184 ο

366 2208 497 2264 illitis,
514 2227 625 2252 nunc
648 2212 814 2252 nutricis
841 2207 965 2268 Tyrii
991 2210 1199 2269 sanguine
1223 2208 1378 2260 tinctis,
1401 2222 1510 2248 nunc
1522 2204 1609 2258 filis
1631 2222 1740 2266 quae
1757 2206 1899 2266 legunt

368 2294 491 2338 Seres
523 2298 651 2338 textis
682 2293 862 2336 vestibus
894 2287 1105 2337 utebatur.
1144 2289 1255 2334 Tum
1275 2293 1371 2351 equi
1397 2289 1502 2333 tales
1528 2289 1591 2332 illi
1605 2301 1729 2333 erant
1748 2280 1897 2351 quales

369 2382 413 2421 in
421 2378 593 2436 sabulis
618 2389 679 2421 est
699 2377 762 2420 ad
788 2377 833 2420 T
829 2379 967 2437 rojam
992 2379 1150 2420 venisse
1173 2375 1430 2419 Memnonis.
1448 2374 1571 2417 Nihil
1591 2374 1686 2417 huic
1703 2372 1765 2416 ad
1779 2375 1898 2417 exci-

370 2463 549 2505 tandum
573 2461 691 2505 illum
716 2461 922 2504 blandum
954 2464 1088 2504 animi
1117 2460 1302 2503 calorem
1327 2475 1609 2520 magnamque
1635 2460 1784 2502 mentis
1815 2460 1898 2501 vim

370 2565 500 2608 quam
526 2558 678 2591 vocant
701 2562 908 2601 amorem,
931 2557 1105 2606 praeter
1129 2548 1278 2598 otium,
1297 2543 1455 2588 deerat.
1478 2542 1567 2587 Sed
1587 2545 1681 2588 vicit
1694 2536 1900 2603 juventus

371 2644 412 2675 et
453 2633 581 2675 luxus
599 2665 615 2686 ,
646 2643 735 2674 tum
766 2632 882 2675 laeta
898 2633 1110 2688 fiartumw
1144 2631 1259 2673 bona
1295 2628 1446 2691 quibus
1476 2627 1546 2671 ille
1577 2629 1770 2670 nutritam
1802 2626 1896 2670 Nec

369 2727 521 2775 potens
544 2716 742 2758 Eurialus
769 2718 850 2770 sui,
875 2727 920 2758 ut
945 2713 1187 2758 Lucretiam
1207 2713 1327 2769 vidit,
1352 2711 1502 2756 ardere
1523 2710 1713 2772 puellam
1733 2712 1871 2770 caepit
1880 2727 1898 2765 ‚·

375 2801 634 2859 haerensque
668 2800 800 2843 vultui
814 2833 829 2854 ,
860 2799 970 2843 nihil
999 2802 1099 2843 satis
1128 2798 1274 2843 vidisse
1298 2797 1494 2857 putabat.
1522 2795 1615 2841 Nec
1640 2797 1809 2854 impune
1834 2793 1900 2837 di·
