2023 3091
519 148 596 176 122

387 216 437 259 A
439 217 582 261 echeon
598 218 773 270 insonte
787 214 990 256 Dianam.
1009 209 1127 267 Quid
1140 211 1204 254 his
1220 212 1677 288 membru-formosius?
1685 217 1787 277 quid
1799 234 1904 261 can-

385 301 556 346 didius?
586 302 692 344 Jam
709 298 867 342 redemi
886 295 1089 355 pericula.
1110 295 1229 354 Quid
1251 308 1313 340 est
1343 297 1461 357 quod
1475 309 1703 359 propterte
1728 317 1814 344 non
1835 303 1905 346 de-

384 388 487 432 beat
513 383 741 431 sustineri?
786 378 828 423 O
854 391 1002 440 pectus
1041 379 1271 426 decorum!
1313 379 1355 424 0
1385 382 1578 442 papillae
1607 385 1906 443 praenitidae!

386 472 480 518 Vos
510 486 563 513 ne
582 466 735 525 tango?
764 463 857 510 Vos
887 481 941 508 ne
973 465 1139 509 habeo?
1169 466 1261 510 Vos
1278 483 1331 510 ne
1357 483 1509 509 manus
1530 466 1732 512 incidistis
1763 472 1905 514 meas?

386 555 430 600 O
457 564 603 598 teretes
633 550 777 593 arcus!
811 548 854 593 O
878 549 1074 593 redolens
1104 551 1283 610 corpus!
1303 561 1342 595 te
1368 567 1422 595 ne
1442 567 1516 611 ego
1536 551 1759 611 possideo?
1779 553 1907 597 Nunc

382 641 489 682 mori
517 647 581 680 est
609 637 768 690 satius,
797 634 975 695 quando
1005 635 1085 678 hoc
1113 635 1318 695 gaudium
1343 646 1406 678 est
1436 651 1580 679 recens
1594 668 1610 689 ,
1640 653 1694 680 ne
1725 653 1811 698 qua
1842 640 1907 680 in-

380 724 585 767 terveniat
615 721 852 765 calamitas.
873 720 1035 765 Anime
1052 723 1128 776 mi,
1151 732 1272 765 teneo
1305 731 1365 774 te,
1394 738 1453 763 an
1483 723 1680 764 somnio?
1710 721 1754 765 V
1754 738 1828 765 era
1854 739 1908 766 ne

377 809 483 851 llaec
515 808 710 868 voluptas
741 820 836 862 est,
866 824 945 862 an,
975 819 1105 851 extra
1136 818 1318 851 mentem
1347 809 1526 868 positus,
1549 807 1605 850 sit
1635 808 1768 851 reor?
1801 807 1906 852 Non

376 896 540 936 somnio
570 904 695 936 certe.
731 891 852 936 Vera
883 907 948 935 res
979 894 1128 952 agitur.
1165 892 1207 936 Ο
1230 895 1381 936 suavia
1403 893 1538 935 basia.
1569 891 1611 935 O
1634 892 1778 937 dulces
1810 911 1904 936 am-

372 978 543 1039 plexus.
579 975 622 1020 O
651 975 842 1036 mellfflui
860 990 1035 1018 morsus.
1055 975 1202 1018 Nemo
1225 993 1291 1020 me
1317 977 1484 1032 felicius
1504 979 1619 1031 vivit,
1648 993 1772 1021 nemo
1805 977 1907 1021 bea-

375 1067 470 1107 tius.
491 1062 580 1107 Sed
594 1062 696 1107 lieu!
711 1078 844 1122 quam
863 1060 1022 1104 veloces
1045 1059 1190 1104 horae.
1207 1059 1365 1104 Invida
1392 1078 1486 1105 nox
1501 1077 1576 1105 cur
1591 1064 1733 1122 fugis?
1749 1062 1906 1116 Mane,

374 1147 562 1210 Apollo,
589 1163 718 1190 mane
750 1145 871 1206 apud
899 1147 1056 1202 itfizros
1086 1143 1173 1186 diu.
1201 1143 1286 1186 Cur
1313 1160 1442 1204 equos
1463 1156 1552 1188 tam
1572 1148 1656 1189 eico
1686 1149 1731 1188 in
1753 1149 1904 1207 jugum

375 1233 546 1276 trahis?
577 1231 678 1277 Sine
708 1231 804 1291 plus
830 1231 1035 1290 graminis
1066 1227 1210 1272 edant.
1243 1226 1318 1270 Da
1348 1228 1453 1270 mihi
1481 1240 1644 1272 noctem
1666 1240 1712 1272 ut
1727 1229 1906 1274 Alcme-

375 1335 459 1361 nae
490 1317 655 1361 dedisti.
689 1315 776 1359 Cur
807 1325 852 1358 tu
885 1325 974 1356 tam
1004 1324 1175 1373 repente
1212 1312 1256 1356 T
1252 1313 1388 1356 itlzoni
1417 1316 1478 1355 tui
1514 1313 1649 1356 cubile
1689 1313 1907 1375 relinquis,

375 1401 596 1446 Aurora?
627 1399 677 1444 Si
707 1411 795 1442 tam
827 1398 892 1441 illi
930 1408 1058 1458 grata
1095 1413 1206 1440 esses
1237 1413 1368 1458 quam
1400 1397 1503 1440 mihi
1531 1396 1760 1452 Lucretia,
1789 1398 1910 1442 haud

376 1498 465 1530 tam
496 1502 622 1530 mane
653 1499 820 1545 surgere
845 1494 885 1526 te
907 1484 1180 1542 pernu'tteret.
1206 1481 1445 1542 Nunquam
1469 1481 1571 1524 mihi
1606 1498 1701 1525 nox
1726 1485 1816 1526 visa.
1845 1495 1908 1527 est

376 1572 561 1625 brevior,
588 1571 779 1630 quamvis
810 1566 930 1626 apud
960 1566 1194 1609 Britannos
1225 1565 1453 1625 Dacosque
1469 1568 1712 1622 suerim.—-
1731 1565 1801 1610 Sic
1815 1566 1906 1610 Eu-

377 1656 528 1710 rialus,
556 1670 634 1698 nec
665 1655 832 1696 minora
861 1650 1034 1694 dicebat
1057 1648 1268 1692 Lucretia.
1294 1649 1389 1692 Nec
1413 1649 1602 1692 osculum
1631 1667 1708 1694 nec
1734 1651 1906 1694 verbum

376 1745 775 1801 irrecompensatum
805 1738 1036 1797 praeteriit.
1069 1734 1312 1794 Stringehat
1335 1735 1421 1788 hic,
1439 1736 1670 1795 stringebat
1694 1735 1783 1779 illa.
1809 1736 1905 1780 Nec

373 1838 471 1887 post
502 1840 695 1869 venerem
725 1822 828 1864 lassi
845 1819 1076 1881 jacebant,
1095 1817 1187 1872 secl³
1219 1830 1265 1861 ut
1295 1818 1494 1862 Antlzeus
1526 1836 1548 1863 e
1581 1831 1695 1863 terra
1727 1820 1909 1864 validior

377 1910 645 1971 resurgebat,
674 1911 731 1951 sic
760 1917 859 1966 post
884 1904 1042 1949 bellum
1074 1903 1323 1957 alacriores,
1353 1903 1417 1947 illi
1448 1904 1702 1948 robustiores
1726 1903 1904 1963 fiebant.

439 2419 577 2463 Nocte
604 2427 795 2476 peracta,
826 2431 921 2457 cum
951 2416 1085 2456 crines
1117 2428 1213 2454 suos
1245 2426 1304 2454 ex
1324 2410 1499 2454 Oceano
1528 2411 1692 2455 tolleret
1707 2411 1904 2466 Aurora,

377 2505 602 2548 discessum
632 2512 706 2544 est.
738 2499 831 2542 Nec
861 2508 958 2558 post
989 2496 1140 2538 multos
1171 2494 1260 2537 dies
1292 2494 1500 2538 redeundi
1527 2499 1650 2555 copia
1662 2499 1776 2551 ficit,
1807 2512 1899 2540 cpe-

376 2590 585 2634 scentibus
610 2587 754 2631 dietim
785 2583 993 2628 custodiis.
1027 2579 1116 2625 Sed
1139 2582 1284 2623 omnia
1302 2583 1514 2641 superavit
1534 2597 1674 2636 amor,
1706 2584 1900 2642 viamque

379 2674 552 2718 tandem
576 2668 851 2716 conveniendi
881 2668 1052 2726 reperit,
1082 2681 1171 2724 qua
1200 2681 1244 2708 se
1275 2667 1403 2710 visuri
1430 2676 1541 2709 sunt.
