2023 3091
559 126 638 167 106

424 209 536 253 urbis
581 208 899 253 consuetudines
946 220 1109 247 noram.
1155 206 1376 250 Putabam
1419 223 1491 265 ego
1529 211 1744 262 fimminas
1781 221 1938 253 vestras

420 293 538 354 quod
566 295 694 336 oculis
725 299 962 333 nwnstrant
991 291 1034 330 in
1065 290 1189 333 eorde
1236 292 1400 332 sentire.
1449 289 1565 332 lline
1604 290 1800 352 deceptus
1831 311 1934 336 sum.

421 378 591 425 Credidi
612 389 795 432 nam-que
817 383 1007 415 amatum
1030 389 1095 416 me
1122 372 1341 416 Lucretiae
1356 374 1474 427 fbre,
1495 371 1597 416 (lum
1621 391 1687 418 me
1712 375 1933 420 luminibus

404 462 660 506 'intuehatm
686 455 884 516 placidis,
917 458 1116 517 coepique
1143 468 1292 500 eontra
1317 455 1499 516 diligere.
1530 456 1624 500 Nec
1646 468 1735 501 tam
1764 459 1933 519 elegan-

418 557 499 589 tem
528 542 746 584 dominam
777 539 953 601 dignam
979 543 1146 601 putavi,
1176 543 1243 584 cui
1274 543 1379 584 vices
1411 558 1498 583 non
1524 540 1797 586 redderentur
1815 559 1934 586 amo·

416 633 480 671 ris.
511 625 719 668 Nondum
751 637 790 669 te
822 641 975 668 noram
1000 625 1066 669 vel
1096 637 1213 669 tuum
1232 642 1378 686 genus.
1406 624 1569 669 Amavi
1592 638 1751 686 putans
1782 630 1935 670 amari.

417 711 521 767 Quis
545 713 657 754 enim
690 721 778 753 tam
808 726 968 753 saxeus
985 721 1049 753 est
1071 721 1148 752 aut
1161 712 1335 767 ferreus
1365 713 1439 769 qui
1469 727 1556 753 non
1587 722 1700 754 amet
1731 711 1934 754 amatus?

411 794 500 839 Sed
523 806 752 856 postquam
778 794 968 852 fiuudes
1001 796 1117 848 novi,
1147 811 1296 855 meque
1329 793 1435 836 dolis
1467 797 1688 848 irretitum,
1726 812 1779 838 ne
1821 811 1936 837 meus

409 879 557 923 sterilis
591 890 698 922 esset
723 895 863 932 amor,
883 881 997 921 nisus
1023 897 1115 921 sum
1146 880 1340 921 omnibus
1367 880 1526 922 artibus
1552 879 1672 921 illam
1697 878 1938 932 incendere,

411 977 457 1008 ut
484 980 567 1024 par
594 967 710 1024 pari‘
735 965 970 1021 referretur.
1006 964 1175 1007 Ardere
1218 981 1423 1025 namque,
1449 965 1634 1024 nihilque
1668 980 1807 1017 urere,
1846 975 1936 1006 tum

412 1051 542 1093 rubor
571 1060 682 1104 erat,
713 1061 800 1092 tum
832 1051 1033 1091 anxietas
1066 1051 1200 1090 animi
1224 1065 1334 1108 quae
1356 1066 1420 1092 me
1453 1049 1525 1092 diu
1551 1061 1758 1110 noctuque
1785 1052 1939 1092 mirum

412 1140 456 1178 in
485 1135 657 1178 modum
688 1133 925 1188 cruciabat,
954 1150 1006 1176 ae
1037 1131 1147 1175 adeo
1181 1134 1382 1174 introrsus
1415 1144 1460 1175 ut
1490 1133 1632 1193 egredi
1656 1134 1772 1176 nullo
1802 1145 1935 1194 pacto

414 1220 581 1264 valeret.
616 1220 797 1263 Factum
839 1231 901 1263 est
945 1221 1070 1278 igitur
1115 1229 1161 1260 uc
1206 1234 1271 1260 me
1304 1220 1576 1261 continuante
1620 1221 1787 1278 parsit
1817 1234 1940 1261 amor

413 1306 648 1348 amborum.
680 1302 769 1347 Illa
800 1307 973 1347 incensa
1003 1315 1083 1357 est,
1113 1319 1186 1363 ego
1208 1302 1355 1345 ardeo.
1377 1301 1524 1345 Ambo
1542 1305 1747 1362 perimus,
1777 1304 1859 1345 nisi
1893 1314 1938 1345 tu

414 1392 470 1432 sis
499 1389 758 1449 adjumento.
795 1389 877 1431 Vir
905 1387 1085 1429 custodit
1115 1397 1155 1429 et
1171 1389 1329 1442 frater.
1363 1386 1467 1430 Non
1493 1398 1584 1430 tam
1605 1387 1734 1431 vellus
1762 1403 1938 1430 aureum

413 1474 588 1535 pervigil
617 1473 746 1515 draeo
765 1473 962 1515 servabat
979 1488 1054 1514 nee
1080 1471 1242 1514 aditum
1262 1472 1372 1514 horti
1389 1471 1610 1525 Cerberus,
1634 1488 1762 1532 quum
1781 1474 1860 1514 ista
1877 1471 1940 1513 di-

416 1559 589 1618 lzgenler
607 1557 845 1602 recluditur.
860 1557 964 1599 Non
982 1573 1054 1616 ego
1063 1557 1283 1611 familiam
1305 1568 1484 1601 vestram
1503 1557 1699 1600 seducere
1715 1560 1821 1610 seio,
1835 1559 1938 1617 quia

414 1643 577 1686 nobiles
607 1645 703 1686 estis
735 1645 843 1684 inter
869 1644 1073 1700 primores
1097 1640 1229 1693 urhis,
1256 1640 1418 1694 divites,
1437 1634 1649 1701 potentes,
1669 1643 1814 1683 amati.
1844 1640 1937 1682 [sti-

413 1745 516 1770 nam
546 1744 777 1787 numquam
808 1729 1014 1769 novissem
1059 1726 1170 1768 lianc
1212 1727 1473 1778 foeminam!
1515 1726 1603 1770 Sed
1631 1730 1722 1787 quis
1763 1738 1824 1769 est
1865 1729 1939 1786 qui

408 1815 542 1872 possit
572 1815 758 1855 resistere
776 1812 930 1868 fictis?
961 1810 1068 1853 Non
1099 1811 1203 1871 elegi
1233 1811 1363 1866 hanc,
1392 1811 1469 1854 sed
1489 1828 1610 1855 casus
1634 1811 1752 1855 dedic
1781 1828 1937 1854 aman-

410 1898 524 1941 dam.
558 1897 626 1941 Sic
658 1915 700 1940 se
734 1914 797 1940 res
830 1896 971 1940 habet.
1011 1896 1054 1938 T
1050 1908 1162 1940 ectus
1193 1896 1334 1940 adhue
1359 1914 1482 1941 amor
1513 1910 1585 1942 est.
1618 1897 1707 1942 Sed
1724 1899 1806 1940 nisi
1829 1897 1936 1940 bene

410 1995 590 2043 tegatur,
621 2000 820 2043 magnum
851 1982 1047 2043 aliquod,
1076 1983 1194 2043 quod
1215 1986 1358 2043 superi
1371 1994 1583 2036 avertant,
1603 1982 1763 2025 malum
1783 1985 1935 2043 pariet.

409 2068 588 2111 Possem
627 2085 700 2128 ego
747 2071 928 2121 forsitan
975 2085 1041 2111 me
1078 2084 1364 2129 compescere,
1394 2071 1431 2110 si
1460 2069 1557 2111 ltine
1591 2069 1768 2111 abirem.
1808 2067 1939 2124 Quod

408 2169 669 2213 quamquam
700 2166 804 2197 esset
836 2155 939 2196 milti
963 2156 1273 2214 gravissimum,
1288 2155 1487 2209 jacerem
1510 2163 1652 2195 ιιιηιωι
1676 2164 1835 2195 vestrae
1853 2154 1934 2208 fa-

408 2237 549 2279 miliae
578 2240 736 2296 gratia,
767 2240 803 2279 si
834 2238 912 2279 lzoe
946 2249 1143 2297 putarem
1175 2253 1235 2280 ex
1251 2254 1338 2279 usu.
1359 2235 1425 2280 At
1439 2253 1565 2279 nosco
1583 2236 1693 2280 illius
1707 2237 1934 2292 furorem:

407 2334 484 2365 aut
511 2338 575 2364 me
607 2334 869 2382 sequeretur,
909 2334 986 2365 aut
1015 2338 1187 2366 manere
1220 2333 1396 2376 coactu,
1425 2339 1575 2364 manus
1605 2321 1686 2364 sibi
1716 2323 1936 2374 consciret,

406 2406 523 2467 quod
552 2417 658 2450 esset
696 2406 877 2449 dedecus
906 2419 1160 2467 perpetuum
1195 2419 1355 2450 vestrae
1388 2406 1548 2449 domus.
1585 2405 1715 2462 Quod
1742 2408 1865 2465 1gitur
1895 2417 1934 2448 te

409 2491 620 2545 volebam,
659 2501 780 2553 teque
828 2496 1002 2545 vocavi,
1050 2495 1183 2535 nostri
1228 2509 1358 2535 eausa
1389 2502 1467 2544 est,
1497 2502 1543 2533 ut
1575 2491 1839 2534 obveniamus
1871 2491 1934 2532 his

408 2577 543 2619 malis.
576 2575 670 2619 Nee
703 2575 792 2618 alia
825 2578 893 2618 via
925 2587 1002 2628 est,
1024 2579 1106 2618 nisi
1125 2588 1169 2619 ιιι
1185 2571 1340 2619 amoris
1366 2578 1498 2618 nostri
1518 2578 1710 2635 aumgum
1732 2586 1770 2618 te
1799 2590 1928 2634 prae-

408 2661 529 2716 beas,
557 2677 758 2723 curesque
790 2672 835 2704 ut
866 2661 973 2704 bene
989 2661 1271 2706 dissimulatus
1292 2663 1395 2722 ignis
1412 2677 1498 2704 non
1514 2659 1597 2719 stat
1627 2671 1809 2720 apertus.
1842 2658 1931 2718 Ego

409 2763 473 2789 me
501 2746 577 2791 tibi
608 2745 872 2806 commendo,
902 2745 978 2800 do,
1008 2745 1203 2790 devoveo.
1246 2745 1485 2807 Obsequere
1516 2757 1659 2789 nostro
1693 2745 1849 2798 furori,
1878 2759 1931 2786 ne
