2023 3091
497 138 547 162 πο

381 214 426 246 ιιι
450 203 664 247 historiam
686 215 846 248 taram.
875 201 1077 259 Nequitia
1093 210 1173 254 est,
1196 216 1306 261 quae
1329 210 1367 242 te
1398 215 1486 242 non
1511 202 1608 244 sinit
1632 217 1719 245 esse
1740 216 1896 245 senem.

381 288 469 332 Ero
500 293 727 349 morigerus
766 284 988 344 cupiditati
1025 295 1123 328 tuae
1161 296 1203 329 et
1244 287 1356 328 lianc
1395 287 1517 327 nimis
1550 288 1664 345 aegri
1699 288 1898 330 canitiem.

376 376 538 432 prurire
548 376 732 430 stisiam.
759 368 852 410 Nec
873 366 1050 428 fingam,
1069 371 1271 429 quoniam
1288 379 1409 412 tanta
1427 379 1487 412 est
1512 371 1636 429 copia
1657 373 1753 414 veri.
1781 369 1900 428 Quid

378 461 488 501 enim
513 475 573 502 m·
594 466 677 498 toto
695 463 901 494 terrarum
926 452 1028 495 orbe
1046 469 1190 497 amore
1212 453 1453 496 comunius?
1469 469 1580 513 quae
1597 455 1760 508 civitas,
1783 453 1901 514 quod

378 541 577 601 oppidum
596 569 612 589 ,
656 552 767 595 quae
801 536 982 592 fitmilia
1027 547 1153 580 vacat
1194 536 1401 597 exemplis
1417 536 1442 578 ?
1492 535 1598 593 Quis
1646 538 1898 596 trigesimum.

378 636 524 667 nactus
553 635 715 662 annum
743 621 899 661 amoris
931 635 1062 662 causa
1092 619 1256 662 nullum
1290 622 1369 680 egit
1382 619 1600 677 facinus?
1636 618 1726 679 Ego
1752 619 1806 664 de
1831 637 1898 664 me

375 710 488 760 [acio
504 703 787 763 conjecturam
802 719 926 763 quem
942 719 1065 746 amor
1077 705 1122 746 in
1142 702 1254 746 mille
1276 703 1464 763 pericula
1484 705 1605 746 misit.
1623 702 1722 763 Ago
1739 706 1899 763 superis

375 791 534 849 gratias
550 819 568 842 ,
592 787 710 849 quod
741 799 919 832 structas
951 788 1125 832 insidias
1156 788 1304 832 millies
1312 790 1415 848 fitgi
1426 788 1624 844 :felicior
1646 799 1760 831 astro
1780 787 1901 832 ,Mar-

378 877 451 927 tis,
479 889 604 933 quem
631 872 879 926 Vulcanus,
903 890 998 916 cum
1027 873 1196 918 Venere
1217 875 1452 934 jacentem,
1474 875 1623 930 ferreo
1653 873 1899 933 illaqueavit

375 957 544 1001 reticulo
558 975 577 1015 ,-
615 954 973 1015 deridendumque
1010 955 1089 999 diis
1126 960 1302 1000 caeteris
1333 960 1570 1001 ostentavit.
1603 955 1691 1001 Sed
1733 956 1897 999 alienos

372 1045 511 1101 potius
548 1057 678 1102 quam
719 1055 832 1082 meos
869 1054 1036 1081 amores
1072 1042 1302 1098 attingam:
1345 1040 1501 1084 nedum
1549 1042 1697 1084 vetusti
1740 1042 1899 1083 cineres

374 1129 478 1186 ignis
499 1126 662 1180 evolvo,
676 1123 945 1168 scintillulam
970 1123 1111 1166 adhue
1138 1126 1340 1166 viventem
1365 1127 1584 1184 reperiam.
1602 1124 1805 1181 Raefiram
1821 1140 1901 1167 au-

375 1221 457 1253 tem
490 1213 641 1252 mirum
673 1223 863 1251 amorem
891 1223 1085 1267 peneque
1106 1206 1413 1264 incredibilem,
1437 1223 1520 1267 quo
1553 1207 1638 1249 duo
1670 1218 1900 1261 amantes,

376 1311 428 1337 ne
453 1294 594 1337 dicam
617 1304 825 1346 amentes,
841 1294 1016 1335 invicem
1048 1303 1314 1335 exarserunt.
1338 1292 1430 1335 Nec
1451 1294 1619 1336 vetustis
1649 1303 1727 1334 aut
1755 1291 1901 1334 oblite-

379 1381 483 1421 ratis
516 1389 616 1421 utar
648 1376 885 1437 exemplis,
923 1375 1000 1419 sed
1037 1378 1170 1418 nostri
1201 1378 1396 1436 temporis
1439 1374 1635 1418 ardentes
1652 1377 1782 1432 faces
1812 1391 1896 1419 ex-

373 1478 549 1522 ponam.
582 1461 676 1504 Nec
703 1462 893 1521 trojanos
923 1470 998 1502 aut
1023 1458 1295 1517 babylonios,
1325 1458 1400 1501 sed
1433 1470 1603 1502 nostrae
1630 1458 1744 1501 urbis
1774 1475 1902 1502 amo-

376 1563 443 1591 res
483 1545 631 1589 audies
652 1576 669 1599 ,
708 1547 899 1605 quamvis
947 1561 1008 1588 ex
1047 1543 1290 1587 amantibus
1329 1543 1440 1587 alter
1471 1544 1548 1587 sub
1588 1554 1735 1586 arctoo
1774 1554 1900 1587 natus

363 1634 456 1689 Juit
482 1631 634 1674 caelo.
678 1629 881 1673 Forsitan
921 1642 965 1673 et
1000 1630 1097 1672 lzinc
1130 1645 1273 1690 sugere
1310 1628 1474 1690 aliquid
1515 1628 1704 1671 utilitatis
1748 1628 1903 1672 licebit.

378 1715 497 1758 Nam
521 1732 615 1758 cnm
638 1713 803 1775 puella,
826 1731 937 1775 quae
969 1716 1013 1756 in
1039 1724 1327 1774 argumentum
1353 1716 1482 1766 venit,
1512 1723 1705 1756 amatore
1734 1711 1901 1772 perdito

376 1802 486 1843 inter
503 1798 765 1860 plorandum
796 1810 1003 1842 maestam
1024 1810 1065 1841 et
1089 1798 1378 1858 indignantem
1395 1796 1662 1842 exhalaverit
1679 1799 1870 1840 animam
1887 1814 1899 1840 :

377 1884 486 1928 alter
530 1899 626 1927 vero
663 1899 896 1943 numquam
932 1893 1031 1943 post
1070 1881 1150 1925 hoc
1191 1897 1314 1925 verae
1357 1881 1513 1925 letitiae
1546 1883 1760 1940 particeps
1790 1882 1904 1937 fae-

379 1972 431 2011 rit
446 1987 463 2024 ς
507 1971 777 2012 commonitio
823 1967 993 2029 quidem
1023 1967 1247 2028 juvenibus
1288 1969 1366 2010 erit
1412 1977 1457 2009 ut
1486 1965 1732 2008 abstineant
1769 1967 1901 2025 nugis.

380 2051 580 2096 Aucliant
603 2055 725 2112 igitur
743 2051 1104 2104 adolescentulae,
1124 2061 1183 2104 et,
1208 2051 1286 2093 lzoe
1320 2049 1494 2092 edoctae
1516 2065 1636 2102 casu,
1654 2047 1826 2091 videant
1848 2063 1903 2092 ne

376 2147 475 2196 post
506 2152 671 2178 amores
694 2138 898 2195 juvenum
918 2152 961 2179 se
993 2145 1093 2178 eant
1126 2133 1351 2194 perditum.
1385 2132 1562 2176 Instruit
1586 2133 1693 2175 llaec
1725 2132 1902 2175 historia

373 2222 568 2281 juvenes,
583 2237 636 2264 ne
658 2220 830 2263 militiae
856 2219 1077 2263 mulierum
1097 2235 1141 2262 se
1167 2221 1417 2278 accingant,
1440 2234 1551 2278 quae
1574 2216 1670 2277 plus
1679 2216 1802 2274 sellis
1823 2216 1906 2259 lia-

381 2305 483 2348 hent
505 2321 637 2366 quam
661 2304 807 2347 mellis.
834 2302 922 2347 Sed
936 2306 1091 2346 omissa
1116 2302 1308 2356 lascivia,
1328 2318 1440 2362 quae
1466 2302 1655 2344 homines
1676 2299 1815 2344 reddit
1837 2302 1905 2343 in-

382 2406 544 2444 sanos,
582 2392 739 2433 virtutis
771 2388 1017 2433 incumbant
1047 2387 1220 2443 studiis,
1257 2404 1368 2448 quae
1405 2402 1687 2448 possessorem
1716 2388 1784 2429 sui
1811 2384 1905 2428 sola

384 2474 511 2518 beare
547 2485 736 2535 possunt.
777 2471 835 2516 In
869 2488 1014 2516 amore
1053 2484 1196 2516 autem
1227 2483 1330 2533 quot
1363 2472 1525 2516 lateant
1562 2470 1713 2524 mala,
1745 2471 1780 2512 si
1809 2471 1903 2530 quis

384 2557 555 2601 aliunde
572 2560 720 2612 nescit,
734 2558 830 2602 hinc
847 2559 1002 2618 poterit
1027 2558 1142 2599 scire.
1169 2555 1237 2598 Tu
1259 2555 1371 2611 vale,
1395 2567 1436 2600 et
1461 2555 1659 2600 historiae
1684 2570 1813 2615 quam
1838 2567 1904 2596 me

386 2643 562 2687 scrihere
598 2645 726 2697 corvis,
755 2653 940 2687 attentus
961 2641 1133 2685 auditor
1161 2651 1260 2684 esto.

644 2677 669 2704 Ο

971 2750 1313 2768 „Qu—-
