2023 3091
462 143 514 180 88

349 225 532 264 emoriar
548 224 792 280 priusquam
811 230 994 258 caream.
1013 238 1072 245 —
1086 213 1189 256 Ali!
1203 215 1335 256 scelus
1352 225 1431 266 est,
1447 216 1581 273 inquit
1601 216 1870 261 Lucretia..—-

349 305 494 348 Scelus
514 317 592 359 cst:
614 305 748 362 inquit
766 297 986 350 Eurialus,
1011 298 1131 340 bonis
1147 314 1233 341 non
1251 301 1313 340 uti
1331 315 1425 339 cum
1442 301 1591 357 possis.
1609 299 1673 342 At
1700 318 1773 362 ego
1795 320 1869 345 oc-

346 391 559 432 casionem
592 386 693 427 nu'lu‘
721 396 983 433 concessam,
1009 391 1098 422 tam
1116 383 1373 439 quaesitam,
1405 392 1493 423 tam
1523 393 1717 442 optatam
1747 389 1871 428 amit-

348 473 502 515 terem?
521 496 572 502 —
590 475 845 524 arreptaque
864 463 1048 506 mulieris
1070 477 1202 518 veste,
1218 476 1478 524 pugnantem
1482 468 1747 522 foeminam,
1762 484 1872 527 quae

347 561 506 600 vincere
537 550 730 603 nolebatj
760 549 921 610 absque
949 553 1120 609 negocio
1149 553 1256 594 vicit.
1289 550 1383 593 Nee
1412 551 1592 594 Veneris
1617 555 1874 607 satietatem,

348 655 393 685 ut
416 640 579 697 cognita
597 634 794 678 Amnoni
818 635 862 677 T
858 636 1014 678 ltamar
1025 640 1207 695 peperit5
1232 637 1307 679 sed
1327 639 1532 697 majorem
1547 640 1658 679 sitim
1673 640 1875 680 excitavit

346 723 514 766 amoris.
537 720 708 762 BIemor
732 719 906 763 tandem
922 719 1170 763 discriminis
1190 720 1411 775 Eusialus,
1424 732 1651 781 postquam
1668 723 1755 764 vini
1774 720 1875 763 cibi-

347 823 425 868 que
459 804 676 866 paulisper
706 804 864 858 hausit,
889 817 1150 864 repugnante
1180 805 1374 848 Lucretia
1400 808 1577 848 recessit.
1594 805 1688 847 Nec
1714 806 1874 847 sinistre

346 891 556 951 quispiam
587 890 820 948 suspicatus
853 900 934 942 est,
958 892 1060 949 quia
1092 907 1199 932 unus
1232 907 1292 932 ex
1321 889 1474 950 bajulis
1508 889 1755 949 putabatur.

406 1056 726 1099 Admirahatur
745 1058 926 1114 seipsum
951 1054 1150 1096 Eurialus
1166 1054 1268 1096 dum
1283 1059 1396 1098 viam
1413 1068 1621 1116 pergeret,
1636 1073 1873 1117 secumque:

351 1142 422 1183 Olz
437 1144 473 1184 si
503 1157 634 1191 nunc,
659 1142 813 1200 inquit,
844 1139 1016 1181 obviam
1038 1139 1142 1180 mihi
1156 1154 1199 1180 se
1225 1137 1348 1180 daret
1374 1138 1552 1194 Caesar,
1575 1157 1722 1201 meque
1744 1157 1876 1201 agno-

347 1237 498 1279 sceret,
527 1241 658 1285 quam
683 1224 746 1267 illi
775 1223 944 1265 habitus
978 1223 1044 1264 liic
1070 1224 1349 1282 suspicionem
1376 1224 1565 1275 faceret!
1589 1240 1720 1283 quam
1740 1241 1804 1267 me
1822 1227 1878 1266 ri-

350 1310 497 1352 deret!
529 1308 703 1350 Fabula
735 1308 929 1350 omnibus
952 1324 1084 1350 essem
1115 1318 1156 1349 et
1187 1307 1248 1348 illi
1270 1309 1408 1368 jocus.
1436 1307 1673 1369 Nunquam
1687 1325 1753 1350 me
1778 1310 1880 1350 mis·

351 1412 442 1436 sum
456 1397 633 1448 faceret
655 1392 791 1435 donec
823 1395 947 1435 sciret
966 1395 1124 1434 onmia.
1150 1392 1388 1435 Dicendum
1411 1404 1519 1435 esset
1543 1393 1648 1453 quid
1665 1392 1748 1435 sibi
1775 1393 1881 1436 llaec

353 1481 508 1522 rustica
531 1481 652 1522 vestis
684 1478 818 1522 vellet.
844 1477 934 1522 Sed
954 1477 1176 1538 fingerem3
1207 1495 1294 1521 non
1326 1479 1437 1520 lzanc
1468 1478 1545 1521 secl
1573 1478 1705 1520 aliam
1722 1495 1787 1521 me
1812 1479 1881 1520 (li-

352 1579 488 1606 cerem
519 1562 674 1605 adiisse
707 1574 962 1604 matronam.
988 1562 1109 1604 AVam
1141 1573 1182 1604 et
1211 1565 1298 1622 ipse
1322 1562 1433 1605 lianc
1455 1574 1586 1605 amat.
1603 1562 1697 1604 ,Nec
1719 1579 1778 1604 ex
1805 1579 1881 1604 usu

351 1658 414 1689 est
438 1664 577 1689 meum
601 1646 683 1688 sibi
702 1662 893 1689 amorem
918 1657 1081 1706 patere.
1104 1645 1346 1689 Lucretiam
1377 1662 1597 1706 nunquam
1625 1646 1849 1706 proderem
1866 1677 1883 1698 ,

352 1748 464 1791 quae
496 1749 562 1774 me
594 1734 777 1790 suscepit
806 1733 1083 1790 servavitque.
1105 1757 1164 1762 —

415 1815 532 1857 Dum
571 1817 628 1857 sic
675 1814 932 1874 alloquitur,
978 1814 1134 1856 Nisum
1181 1817 1338 1868 cernit,
1377 1831 1552 1875 eumque
1591 1818 1741 1875 praeit.
1789 1815 1882 1857 Nec

351 1902 468 1959 prius
499 1898 555 1941 ab
589 1899 668 1941 ltoe
699 1901 886 1958 cognitus
920 1909 982 1941 est
1011 1914 1142 1958 quam
1173 1897 1289 1941 domi
1309 1901 1429 1953 ficit,
1460 1899 1534 1941 ubi
1550 1902 1697 1959 positis
1722 1902 1884 1953 saccis,

353 1993 667 2042 praetextaque
706 1993 874 2041 sumpta
915 1997 1054 2024 rerum
1094 1982 1203 2024 Niso
1240 1981 1395 2042 pandit
1435 1993 1638 2026 eventum.
1687 1984 1884 2043 Dumque

355 2070 449 2126 quis
481 2070 622 2120 timor,
646 2067 764 2128 quod
778 2067 983 2128 gaudium
1014 2071 1292 2111 intercesserit
1321 2071 1561 2111 memoriter
1579 2079 1746 2120 narrat,
1772 2084 1883 2110 nunc

358 2154 521 2194 timenti
565 2153 736 2206 similis,
778 2170 890 2195 nunc
931 2153 1149 2196 eaeultanti
1185 2153 1247 2213 fit.
1288 2151 1410 2195 Inter
1445 2152 1674 2196 timendum
1717 2163 1886 2195 autem:

361 2235 463 2278 IIeu
504 2252 568 2278 me
614 2237 818 2279 stultum!
854 2241 989 2299 inquit
1006 2271 1023 2292 ,
1062 2241 1288 2296 fheminae
1329 2255 1468 2280 meum
1512 2239 1700 2280 commisi
1743 2248 1884 2296 caput.

360 2319 467 2361 ,Non
497 2323 554 2362 sic
586 2337 651 2362 me
690 2332 815 2380 pater
839 2322 1079 2375 admonuit,
1109 2322 1210 2364 dum
1235 2339 1300 2365 me
1326 2322 1479 2364 nullius
1495 2324 1720 2375 foeminae
1746 2320 1887 2378 fidem

361 2405 482 2463 sequi
510 2403 663 2446 debere
695 2404 875 2447 dicebat.
903 2405 984 2448 Ille
1000 2409 1245 2462 foeminam
1265 2406 1429 2449 animal
1454 2423 1541 2449 esse
1572 2405 1741 2448 dicebat
1762 2404 1885 2447 inclo-

363 2490 529 2541 mitum,
561 2487 753 2548 infidum,
784 2490 1008 2544 mutabile,
1038 2491 1224 2545 crudele,
1253 2491 1364 2534 mille
1392 2490 1660 2550 passionibus
1685 2489 1886 2532 deditum.

365 2571 476 2631 Ego,
506 2584 716 2632 paternae
749 2576 967 2616 immemor
997 2575 1262 2635 disciplinae,
1293 2579 1420 2620 vitam
1450 2591 1588 2618 meam
1619 2573 1887 2616 mulierculae

368 2655 536 2698 tradidi.
563 2656 681 2714 Quid
698 2659 734 2699 si
754 2675 817 2701 me
829 2660 1043 2712 frumento
1068 2672 1289 2704 oneratum
1313 2661 1464 2721 aliquis
1490 2661 1723 2719 agnovisset
1732 2675 1749 2712 ,·
1773 2656 1891 2718 quod

366 2738 565 2794 dedecus,
612 2758 828 2801 quaenam.
868 2745 1046 2800 itfiunia
1093 2746 1196 2789 mihi
1237 2757 1279 2789 et
1317 2747 1417 2790 meis
1439 2747 1616 2803 posteris
1655 2744 1857 2788 evenisset
1872 2741 1889 2781 !
