2023 3091
622 174 633 200 ι
655 175 701 200 ιο

487 258 567 303 per
595 259 723 305 quam
753 241 907 283 nodum
939 248 1008 279 tuo
1043 239 1238 296 sanguini
1267 237 1478 289 consules,
1507 236 1583 279 sed
1614 241 1742 281 etiam
1773 240 1876 282 mihi
1906 254 2008 298 pro-

489 327 617 382 deris,
647 330 722 388 qui
745 339 854 384 pene
887 325 1074 376 insanio,
1094 321 1195 365 dum
1227 326 1310 366 mei
1334 337 1465 364 causa
1499 321 1737 364 Lucretiam
1768 323 1888 368 video
1915 340 2010 367 cru-

489 417 623 465 ciari,
667 412 734 452 cui
775 411 917 468 potius
952 407 1050 451 odio
1083 425 1170 452 esse
1219 408 1367 452 vellem
1402 423 1530 468 quam
1565 418 1603 450 te
1636 423 1795 468 rogare.
1827 407 1915 452 Sed
1943 403 2009 452 hi'c

487 511 643 545 surnus;
668 509 718 536 eo
750 492 934 537 deducta
966 509 1031 537 res
1063 505 1144 547 est,
1175 505 1219 536 ut
1250 496 1331 535 uisi
1356 496 1436 535 tuis
1461 492 1641 546 artibus,
1664 503 1736 534 tua
1753 509 1875 548 cura,
1897 497 2011 556 inge-

485 582 554 622 m'o
590 589 718 638 atque
750 577 1029 621 sollicitudine
1061 580 1182 621 navis
1227 588 1423 637 regatur,
1461 577 1582 620 nulla
1612 577 1758 620 salutis
1788 594 1883 637 spes
1913 596 2009 621 ma-

482 674 595 705 neat.
627 662 744 706 Juva
775 666 899 724 igitur
922 675 964 707 et
993 663 1113 706 illam
1144 675 1185 706 et
1201 680 1266 706 me
1273 695 1289 717 9
1313 674 1512 723 tuamque
1534 661 1706 705 domum
1721 663 1881 723 absque
1906 674 2008 706 nota

482 763 696 791 conserva.
727 749 822 792 Nec
848 766 913 792 me
943 760 1065 809 putes
1096 751 1319 809 ingratum.
1343 746 1433 792 Scis
1459 747 1579 807 apud
1600 746 1828 791 Caesarem
1859 750 2013 808 quanti

482 834 582 877 sim:
611 832 819 892 quidquid
847 835 1015 893 petieris
1045 836 1316 893 impetratum
1361 833 1437 875 tibi
1476 831 1671 888 efficiam.
1704 831 1764 874 Et
1793 832 1872 875 hoc
1909 843 2010 876 ante

482 918 627 958 omnia
656 915 877 975 polliceor,
907 916 1046 977 doque
1061 968 1066 975 Ι
1068 916 1221 975 sidem,
1237 916 1491 959 Palatinum
1509 928 1548 959 te
1572 916 1775 959 Comitem
1800 918 2011 970 futurum,

482 1016 732 1061 omnemque
764 1011 882 1043 tuam
917 1003 1208 1059 posteritatem
1247 1001 1326 1044 lzoc
1364 1001 1482 1043 titulo
1524 1003 1778 1060 gavisuram.
1812 1000 1903 1060 Ego
1935 1000 2013 1042 tibi

481 1085 742 1138 Lucretiam,
761 1101 909 1146 meque
931 1095 973 1127 et
995 1095 1184 1127 nostrum
1200 1100 1388 1128 amorem
1411 1097 1452 1128 et
1467 1087 1645 1140 filinam
1667 1095 1857 1127 nostram
1879 1096 1920 1127 et
1952 1085 2014 1127 tui

478 1172 641 1230 generis
671 1169 799 1212 decus
829 1171 1062 1223 committo,
1107 1179 1287 1229 tuaeque
1319 1168 1476 1211 mando
1499 1168 1617 1228 fidei.
1653 1168 1721 1211 Tu
1751 1169 1911 1212 arbiter
1949 1185 2011 1221 es,

481 1257 625 1297 omnia
656 1254 762 1297 haec
787 1256 832 1296 in
863 1265 902 1297 te
933 1256 1015 1297 sita
1045 1263 1156 1296 sunt.
1187 1251 1299 1298 Vide
1331 1252 1436 1313 qnid
1464 1269 1568 1312 agas
1584 1270 1600 1308 >⁰
1629 1265 1671 1296 et
1693 1268 1858 1297 servare
1888 1263 2008 1312 potes

481 1340 561 1380 ista
592 1350 632 1381 et
663 1337 852 1397 perdere.
889 1364 949 1371 —

540 2014 721 2059 Subrisit
766 2015 829 2058 his
875 2013 1030 2058 auditis·
1076 2013 1323 2069 Pandalus,
1337 2017 1551 2075 flictuque
1597 2014 1792 2058 morula:
1829 2015 1998 2058 Noram

480 2100 605 2155 haec,
634 2101 772 2155 dixit,
804 2101 978 2145 Euriale
990 2119 1010 2157 5>
1037 2085 1080 2145 et
1104 2104 1268 2144 utinam
1299 2117 1386 2144 non
1409 2100 1686 2144 accidissent!
1717 2099 1807 2144 Sed
1835 2117 1931 2144 eum
1962 2105 2006 2144 in

479 2184 635 2238 Iocum,
650 2188 753 2228 sicut
769 2186 848 2228 abs
870 2197 908 2229 te
931 2185 1088 2229 dictum
1119 2197 1198 2241 est,
1231 2201 1295 2228 res
1318 2184 1457 2238 rediit,
1488 2195 1534 2227 ut
1548 2201 1714 2227 necesse
1731 2187 1784 2228 sit
1809 2202 1873 2228 me
1890 2184 2008 2246 quod

473 2268 598 2328 jubes
629 2269 811 2328 efficere,
840 2273 921 2313 nisi
950 2281 991 2313 et
1023 2280 1211 2312 nostrum
1238 2286 1368 2329 genus
1394 2267 1511 2327 affici
1529 2269 1789 2312 contumeliis
1819 2280 1862 2312 et
1880 2285 2005 2312 scan-

478 2351 624 2395 dalum
656 2355 798 2412 ingens
841 2357 1010 2414 cupiam
1050 2356 1224 2398 exoriri.
1255 2352 1399 2396 Ardet
1428 2353 1578 2397 mulier
1608 2356 1713 2396 sicut
1743 2352 1926 2407 dixisti,
1964 2364 2005 2396 et

480 2439 686 2497 impotens
716 2440 782 2479 sui
806 2449 877 2480 est.
902 2438 1000 2480 Nisi
1028 2454 1220 2492 occurro,
1234 2441 1360 2495 ferro
1392 2455 1436 2481 se
1462 2438 1602 2493 fodiet
1623 2448 1699 2480 aut
1723 2453 1783 2480 ex
1797 2439 2004 2492 fenestris

479 2537 522 2564 se
554 2519 674 2563 dabit
702 2523 987 2581 praecipitem.
1020 2522 1114 2566 Nec
1143 2525 1252 2565 vitae
1275 2525 1374 2583 jam
1397 2522 1480 2565 sibi
1501 2538 1578 2565 nec
1599 2521 1771 2563 honor-is
1803 2531 1865 2563 est
1886 2535 2002 2562 cura.

479 2603 586 2666 Ipsa
617 2605 721 2648 milit
757 2622 878 2649 suum
909 2606 1106 2650 ardorem
1144 2610 1356 2668 patefecit.
1388 2606 1563 2659 Bestia,
1608 2608 1840 2665 increpavi,
1869 2604 2002 2648 lenire

473 2690 698 2743 flammam
736 2690 889 2734 studui.
921 2691 1043 2734 Nihil
1071 2695 1244 2751 projeci.
1289 2690 1448 2735 Omnia
1487 2702 1662 2750 propter
1693 2702 1731 2733 te
1761 2690 2000 2749 parvifacit.

480 2773 603 2817 Nihil
631 2778 718 2818 sine
751 2787 789 2818 te
822 2786 954 2818 curat.
992 2774 1034 2817 Τ
1032 2794 1058 2818 ιι
1089 2776 1152 2818 illi
1180 2779 1224 2819 in
1256 2787 1393 2820 mente
1424 2790 1590 2835 semper
1618 2774 1751 2818 sedes.
1788 2772 1850 2817 Te
1878 2775 2002 2832 petit,
