2023 3091
546 105 600 159 94

495 183 590 227 Nec
610 185 681 226 diu
700 196 797 244 post
812 181 1104 235 obviamfizcti
1118 192 1214 224 suut
1228 181 1312 224 duo
1334 181 1547 224 studentes
1561 185 1636 242 qui
1656 184 1951 244 virgunculam,

436 278 483 310 ut
510 269 765 329 sihiflorem
786 264 989 318 traderet,
1013 280 1099 308 non
1130 281 1282 326 magno
1314 268 1479 325 negotio
1511 265 1780 311 induxerunt.
1810 268 1953 330 Aper-

436 363 561 412 toque
593 351 727 393 violae
751 350 889 407 stipite
906 363 1078 391 carmen
1100 351 1358 393 amatorium
1383 350 1642 393 invenerunt.
1670 349 1844 396 Solebat
1873 353 1953 396 hoc

437 437 648 479 leontinum
665 449 798 492 genus
810 445 1055 493 pergratum
1085 451 1172 479 esse
1205 437 1356 478 nostris
1373 438 1590 478 matronis.
1622 434 1712 479 Sed
1726 449 1955 498 postquam

437 520 630 564 Caesaris
674 520 793 560 curia
829 517 965 562 Senas
996 522 1137 574 venit,
1174 520 1368 574 irrideri,
1406 519 1565 580 despici
1602 531 1644 564 et
1678 521 1830 564 haberi
1856 521 1954 565 odio

436 605 589 661 caepit,
613 604 714 663 quia
737 603 834 663 plus
853 589 1070 647 armorum
1100 608 1294 665 strepitus
1318 621 1448 666 quam
1478 605 1694 648 literarum
1728 605 1848 665 lepor
1874 621 1956 649 no-

433 701 541 731 stras
569 690 795 744 foeminas
827 690 1084 734 oblectabat.
1116 691 1234 735 IIinc
1260 691 1436 752 grandis
1467 692 1575 735 livor
1598 704 1641 735 et
1671 684 1862 754 simultas
1892 693 1957 734 in-

428 789 531 831 gens
553 784 663 827 erat,
679 775 1026 835 quaerebantque
1053 786 1174 835 togae
1191 778 1280 818 vias
1296 792 1442 819 omnes
1457 777 1608 836 quibus
1625 764 1823 820 nocerent
1836 778 1958 835 sagis.

441 857 499 900 Ut
527 873 622 917 ergo
641 857 739 900 inde
765 858 888 901 dolus
909 863 1067 918 patuit,
1096 860 1157 902 ad
1186 860 1438 903 lllenelamn
1461 877 1568 903 mox=
1588 864 1688 914 itur,
1717 849 1960 920 epistolam-

433 958 514 1003 que
552 953 599 985 ut
627 942 740 1003 legat
769 954 953 1003 rogatur.
975 942 1058 986 Ille
1081 956 1263 988 moestus
1291 945 1465 988 domum
1495 949 1646 1007 pergit,
1678 961 1860 988 uxorem
1890 948 1959 988 in-

433 1038 610 1086 crepat,
646 1026 901 1088 domumque
933 1026 1190 1070 clamoribus
1227 1029 1382 1087 implet.
1415 1029 1558 1089 Negat
1593 1047 1636 1072 se
1669 1045 1785 1072 ream
1818 1043 1960 1084 uxor5

435 1127 604 1173 remque
623 1125 786 1173 gestam
818 1116 1015 1173 exponit,
1047 1124 1088 1155 et
1118 1129 1226 1154 anus
1257 1112 1432 1156 adducit
1453 1117 1743 1158 testimonium.
1777 1113 1874 1156 Itur
1902 1113 1964 1156 ad

435 1196 681 1251 Caesarem,
708 1197 762 1258 sit
789 1197 982 1259 querela9
1012 1209 1188 1241 vocatur
1200 1197 1407 1240 Pacorus.
1436 1196 1483 1240 Is
1507 1200 1661 1240 crimen
1682 1201 1866 1252 fatetur,
1885 1214 1961 1257 pe-

434 1291 608 1342 tensque
641 1286 831 1340 veniam7
873 1299 1093 1343 nunquam
1132 1299 1176 1325 se
1199 1294 1297 1342 post
1323 1283 1404 1324 liae
1438 1282 1678 1325 Lucretiam
1710 1293 1963 1325 veoeaturum

422 1366 712 1426 jurejurando
750 1366 1001 1422 coufirmat5
1035 1369 1168 1409 sciens
1201 1377 1343 1410 tamen
1383 1367 1537 1411 Iovem
1573 1384 1660 1410 non
1697 1369 1854 1420 irasci,
1888 1365 1966 1409 sed

435 1450 623 1494 arridere
646 1454 842 1513 perjuriis
863 1463 1096 1494 amantum.
1114 1451 1307 1496 Stet-ilem
1332 1454 1575 1507 flammam,
1600 1464 1646 1494 ut
1668 1456 1800 1512 magis
1819 1451 1964 1511 prohi-

435 1535 546 1578 bitus
577 1547 694 1591 erat,
725 1553 775 1580 co
807 1536 1043 1597 diligentius
1079 1537 1348 1598 sequebatur.

1706 1646 1730 1669 Ο

500 1705 632 1749 Venit
662 1707 827 1765 hyems,
857 1723 968 1768 quae
1001 1707 1185 1751 exclusis
1215 1708 1310 1751 aliis
1343 1710 1476 1752 ventis
1506 1708 1642 1750 solum
1670 1707 1858 1751 Boream
1882 1707 1964 1750 ad·

435 1789 642 1833 mittebat.
685 1789 856 1834 Cadunt
899 1808 921 1835 e.
970 1791 1089 1835 coelo
1134 1794 1248 1835 nives
1265 1824 1282 1847 ,
1318 1792 1493 1835 solvitur
1529 1794 1574 1835 in
1617 1791 1763 1834 ludum
1807 1794 1963 1836 civitas.

435 1875 621 1919 Jactant·
651 1888 874 1920 matronae
907 1881 950 1919 in
983 1881 1098 1930 vico,
1132 1880 1307 1937 juvenes
1350 1880 1393 1920 in
1420 1880 1643 1935 fenestras
1674 1881 1800 1921 nives.
1847 1878 1964 1920 Hinc

436 1973 587 2004 nactus
619 1965 888 2005 occasionem
913 1963 1134 2018 Pacorus,
1168 1963 1390 2023 epistolam
1421 1963 1602 2006 alteram
1633 1979 1731 2007 cera
1761 1962 1967 2016 includit,

437 2062 660 2107 ceramque
699 2050 792 2090 nive
836 2050 978 2108 cingit,
1044 2059 1224 2109 actaque
1251 2047 1345 2106 pila
1381 2050 1426 2089 in
1455 2051 1700 2104 fenestram
1741 2046 1966 2091 Lucretiae

428 2132 552 2191 jacit.
591 2131 696 2188 Quis
727 2149 814 2175 non
847 2135 991 2175 onmia
1023 2136 1110 2192 regi
1122 2136 1312 2189 fhrtuna
1349 2131 1502 2174 dicat?
1537 2131 1642 2189 Quis
1673 2147 1761 2174 non
1789 2133 1966 2185 favora-

439 2214 566 2258 bilem
598 2218 687 2275 ejus
719 2220 863 2276 cupiat
873 2217 1068 2276 flatum?
1099 2217 1206 2259 Plus
1232 2220 1344 2261 enim
1375 2216 1488 2260 valet
1512 2216 1618 2260 hacc
1634 2216 1738 2259 hera
1764 2216 1969 2276 benigna,

439 2316 571 2360 quam
599 2302 637 2343 si
659 2311 697 2343 tc
727 2302 907 2346 Veneris
929 2301 1195 2346 commendet
1226 2301 1405 2362 epistola
1430 2301 1578 2344 Marti.
1602 2301 1763 2343 Dicunt
1791 2300 1968 2361 quidam

440 2384 502 2427 nil
530 2401 618 2428 esse
649 2385 767 2446 quod
796 2389 840 2428 in
871 2390 1059 2446 sapiente
1086 2399 1215 2447 queat
1229 2389 1429 2443 fortuna.
1457 2386 1557 2429 IIoc
1579 2402 1652 2445 ego
1675 2386 1738 2427 lzis
1763 2386 1967 2445 sapienti-

441 2469 518 2512 bus
558 2469 742 2514 concedo
789 2474 864 2531 qui
903 2472 997 2514 sola
1044 2475 1192 2516 virtute
1233 2471 1448 2532 gaudent9·
1494 2473 1568 2531 qui
1607 2482 1647 2513 ct
1683 2485 1894 2530 pauperes
1925 2479 1968 2512 et

441 2557 604 2615 aegroti
633 2566 674 2599 et
705 2558 749 2599 in
775 2568 896 2599 tauro
926 2557 1175 2600 Phalaridis·
1200 2557 1363 2611 clausi,
1393 2558 1522 2600 vitam
1549 2572 1592 2598 se
1624 2554 1799 2598 creduut
1827 2555 1966 2615 possi-

441 2640 540 2684 dere
574 2641 765 2697 beatam,
793 2642 963 2704 qualem·
995 2644 1156 2686 nullutn
1188 2644 1328 2687 adhuc
1360 2643 1424 2688 vel
1461 2641 1546 2686 vicli
1589 2641 1655 2684 vel
1668 2643 1809 2697 sitisse
1837 2650 1966 2699 puta-

443 2728 532 2768 rim.
567 2725 766 2771 Conuiuis
799 2727 1015 2772 hominum
1047 2731 1131 2772 vita
1158 2729 1376 2782 favoribus
1393 2730 1605 2786 fortunae.
1638 2725 1805 2786 indiget.
1839 2723 1966 2766 Hace
