2023 3091
541 128 620 169 128

414 221 535 255 tanta
567 226 686 253 mora
714 213 822 266 fuit,
866 215 1031 267 quanta
1076 221 1188 249 nunc
1224 206 1359 251 Senis.
1391 206 1530 267 quue
1578 209 1681 253 belli
1707 218 1934 257 necessitas

396 296 528 354 fizcit.
562 293 692 352 Quod
718 294 758 334 si
785 302 823 332 te
849 288 1202 334 circumducerem
1225 302 1268 334 et
1290 294 1416 351 quasi
1438 291 1684 352 pubblicum
1692 299 1934 350 foeminam

412 385 457 426 in
487 383 632 425 castris
659 375 880 428 haberem,
911 374 1006 418 vide
1027 391 1159 436 quam
1184 387 1293 420 esset
1323 376 1403 419 tibi
1430 389 1472 420 et
1491 378 1596 420 mihi
1613 377 1823 424 decorum.
1852 383 1937 426 His

413 482 473 510 ex
497 464 619 507 rebus
652 460 844 514 obsecro,
875 477 975 504 mea
1004 459 1224 515 Lucretia,
1248 473 1431 505 mentem
1452 472 1499 504 ut
1528 465 1653 506 istam
1676 480 1833 520 exuas,
1861 466 1937 508 Ῐιο-

414 550 587 606 norique
619 544 828 587 consulas.
850 544 946 588 Nec
961 547 1113 602 fiirori
1136 548 1269 606 magis
1289 562 1420 605 quam
1436 546 1515 589 tibi
1539 546 1788 591 blandiaris.
1809 547 1936 593 Alias

397 632 600 689 fortassis
631 639 804 672 amator
832 628 959 672 aliter
981 629 1197 684 suaderet,
1229 641 1271 674 et
1297 630 1408 673 ultro
1439 643 1478 674 te
1493 635 1648 691 fitgere
1677 643 1939 691 precaretur,

411 726 457 757 ut
487 725 526 758 te
551 731 682 775 quam
711 713 786 756 diu
815 725 959 775 posset
992 714 1256 769 abuteretur,
1287 715 1393 758 nihil
1415 718 1564 772 futuri
1589 716 1808 775 providus,
1838 716 1942 759 dum

407 802 623 860 praesenti
651 801 915 854 satisfaceret
943 800 1206 860 aegritudini.
1240 799 1328 844 Sed
1357 804 1390 843 is
1422 817 1510 843 non
1540 813 1649 844 esset
1677 812 1847 844 amator
1867 819 1939 845 ve-

410 970 560 1022 cretia,
592 967 710 1028 quod
729 969 850 1027 fmgi
880 977 942 1009 est
974 983 1139 1009 moneo.
1166 969 1303 1011 Mane
1336 969 1401 1012 hic
1434 980 1473 1012 te
1505 985 1623 1028 rogo,
1653 986 1730 1012 nec
1762 987 1828 1012 me
1858 969 1940 1012 du-

412 1053 503 1096 bita
542 1052 785 1096 rediturum.
841 1050 1066 1112 Quidquid
1094 1051 1215 1111 apud
1252 1051 1452 1096 Etruscos
1489 1055 1700 1097 incumbet
1731 1053 1942 1114 agendum

413 1137 608 1191 Caesari,
624 1137 729 1178 milii
743 1138 949 1180 committi
961 1134 1142 1188 curabo,
1158 1134 1356 1195 daboque
1371 1152 1546 1196 operam
1564 1149 1608 1179 ut
1626 1140 1766 1194 test-ui
1779 1137 1940 1198 absque

413 1234 484 1265 tuo
519 1221 789 1265 incommodo
828 1222 1000 1280 possim.
1038 1219 1164 1263 Vale.
1196 1219 1244 1262 V
1241 1222 1315 1262 ive.
1350 1218 1482 1262 Ama.
1515 1220 1608 1262 Nec
1647 1239 1786 1263 meum
1811 1237 1940 1280 quam

413 1318 507 1349 tuus
539 1317 599 1348 est
635 1308 772 1365 ignem
805 1316 959 1364 putato
980 1307 1202 1357 minorem,
1229 1315 1304 1346 aut
1331 1320 1396 1347 me
1419 1321 1505 1346 non
1530 1306 1815 1347 invitissimum
1847 1304 1943 1347 hinc

412 1389 653 1433 abscedere.
679 1388 842 1432 Iterum
867 1388 981 1444 vale,
1010 1405 1106 1432 mea
1131 1392 1317 1433 suavitas
1338 1400 1379 1431 et
1399 1391 1571 1431 animae
1596 1388 1713 1432 cibus
1734 1405 1867 1432 meae.
1884 1414 1944 1423 —

472 1559 701 1620 Acquievit
717 1559 781 1601 liis
806 1558 956 1601 mulier
970 1568 1012 1601 et
1035 1561 1246 1618 imperata
1255 1560 1484 1614 facturam
1504 1574 1548 1601 se
1575 1560 1793 1617 rescripsit.
1816 1558 1941 1600 Pau-

413 1646 471 1686 cis
498 1654 598 1703 post
627 1643 775 1685 diebus
816 1642 1017 1685 Eurialus
1049 1659 1144 1685 cum
1189 1640 1372 1685 Caesare
1407 1641 1595 1684 Romam
1623 1645 1834 1701 perrexit,
1863 1658 1941 1685 nec

413 1728 487 1771 diu
511 1738 702 1771 moratus
717 1728 820 1782 illic,
835 1727 1038 1784 febribus
1054 1738 1118 1770 est
1140 1730 1345 1770 incensus.
1367 1726 1536 1784 Infelix
1556 1730 1742 1786 penitus,
1763 1730 1838 1788 qui
1850 1744 1945 1770 cum

413 1811 586 1855 arderet
616 1828 787 1866 amore,
811 1811 1010 1868 fibrium
1030 1827 1196 1872 quoque
1218 1813 1355 1871 coepit
1385 1810 1548 1871 ignibus
1579 1822 1786 1854 aestuare.
1820 1811 1945 1855 Cum-

414 1913 495 1957 que
517 1898 617 1958 jam
648 1899 753 1940 vires
785 1913 909 1940 amor
938 1907 1231 1951 extenuasset,
1254 1895 1429 1957 adjectis
1452 1895 1589 1938 morbi
1618 1894 1834 1937 doloribus
1860 1912 1944 1955 pa-

415 1997 508 2023 rum
539 1993 758 2041 supererat
788 1985 917 2035 vitae,
942 1982 1246 2042 tenebaturque
1271 1983 1438 2040 spiritus
1464 1980 1720 2024 medicorum
1751 1979 1944 2024 remediis

412 2068 554 2125 potius
579 2082 709 2125 quam
741 2066 958 2109 manebat.
982 2065 1145 2108 Caesar
1166 2065 1228 2107 ad
1241 2081 1336 2108 eum
1352 2064 1496 2108 dietim
1516 2065 1729 2117 veniebat,
1759 2075 1801 2106 et
1821 2066 1947 2123 quasi

409 2148 546 2206 filium
581 2149 905 2203 consolabatur,
934 2166 1161 2210 omnesque
1193 2165 1316 2192 curas
1337 2147 1555 2209 Apollinis
1580 2147 1827 2190 adhibebat.
1859 2145 1948 2190 Sed

419 2232 542 2276 nulla
583 2233 792 2276 valentior
819 2237 916 2292 suit
950 2233 1118 2277 medela
1151 2251 1282 2294 quam
1327 2232 1548 2276 Lucretiae
1584 2235 1783 2292 scriptum
1798 2265 1815 2285 ,
1858 2247 1941 2292 quo

419 2320 625 2362 viventem
657 2318 775 2360 illam
805 2330 846 2362 et
875 2322 1073 2379 sospitem
1098 2321 1301 2379 cognovit.
1332 2317 1455 2375 Quae
1487 2333 1551 2360 res
1567 2317 1720 2374 febres
1740 2316 1943 2377 aliquan-

420 2405 553 2463 tisper
583 2404 809 2455 imminuit,
839 2405 974 2461 ipsum
1005 2419 1171 2464 quoque
1196 2401 1420 2445 Eurialum
1449 2416 1613 2461 surgere
1640 2403 1684 2442 in
1709 2399 1840 2460 pedes
1865 2401 1944 2457 fi:-

419 2490 502 2541 cit,
534 2489 607 2548 qui
636 2498 679 2530 et
707 2491 975 2531 coronationi
1006 2489 1200 2531 Caesaris
1232 2488 1437 2540 interfuit,
1466 2502 1518 2528 ac
1555 2485 1616 2527 ibi
1641 2484 1835 2527 militiam
1865 2500 1939 2526 su-

423 2574 556 2631 scepit
579 2582 621 2615 et
651 2587 828 2615 aureum
858 2571 1012 2614 calcar.
1038 2571 1147 2614 Post
1170 2571 1277 2615 llaec
1307 2587 1402 2614 cum
1427 2569 1588 2613 Caesar
1611 2569 1838 2611 Perusiam
1864 2584 1943 2628 pe-

424 2667 555 2712 teret,
600 2660 634 2699 is
682 2657 847 2700 Romae
885 2660 1042 2700 mansit
1070 2657 1261 2700 nondum
1295 2673 1355 2701 eoe
1397 2658 1553 2715 ituegro
1585 2671 1727 2696 sanus.
1770 2651 1943 2695 Exinde

424 2739 562 2784 Senos
596 2744 725 2796 venit,
758 2744 948 2802 quamvis
979 2741 1118 2784 adhuc
1149 2740 1299 2785 debilis
1334 2749 1671 2798 extenuatusque
1688 2740 1837 2795 sacie5
1872 2735 1948 2779 scd
