2023 3091
529 141 582 181 80

417 226 577 264 tantem
592 232 753 264 recreat
768 218 1004 269 Eut-iulum,
1025 220 1100 277 qui
1115 228 1210 263 tunc
1227 237 1269 262 s«
1280 223 1553 275 ffuminum
1570 221 1818 283 beatumque
1836 241 1925 266 sen·

417 307 486 358 sit,
500 321 593 347 cum
610 305 850 348 adram-eum
876 317 920 342 se
936 300 1085 344 vilibus
1098 306 1243 357 servis,
1258 303 1364 346 nulli
1377 303 1633 346 noscendum
1654 305 1764 348 vidit.
1780 306 1925 366 Pergit

416 390 555 448 igitur,
575 391 861 445 ingentisque
883 382 1103 429 lucretiae
1119 385 1289 429 domum
1289 390 1511 442 frumento
1527 403 1572 429 se
1586 391 1793 443 oneravit,
1805 392 1924 450 posi-

418 483 540 532 toque
569 474 609 511 iu
627 470 822 510 horreum
837 469 991 521 tritico,
1014 468 1181 512 ultimus
1205 469 1544 512 descendentium
1558 471 1664 527 fuit
1688 469 1852 532 Atque,
1874 484 1925 530 με

416 566 505 599 erat
522 550 764 614 perdoctus,
779 555 931 595 ostium
946 553 1153 596 maritalis
1169 554 1348 597 thalami
1361 553 1478 614 quod
1490 557 1534 596 in
1558 554 1695 597 medio
1716 555 1926 598 scalarum

415 637 600 679 clausum
615 633 849 694 videbatur,
872 636 1064 696 impellit,
1093 653 1220 697 seque
1240 640 1348 679 intro
1366 641 1533 697 recepit.
1551 637 1611 680 Et
1637 638 1806 682 reclusis
1805 641 1923 694 jori-

414 719 487 759 Ims
503 716 638 760 solam
652 717 892 762 Lucretiam
917 722 1048 763 serico
1074 723 1279 763 intentam
1296 720 1409 763 vidit.
1436 720 1582 782 Atque
1599 720 1804 764 accedens
1820 737 1926 782 pro-

407 803 526 859 pius:
545 801 659 844 salve
673 834 690 855 ,
720 806 780 845 mi
802 807 944 848 anime
957 837 975 858 ,
994 807 1128 865 inquit
1137 822 1154 859 ,·
1184 805 1316 857 salve,
1341 808 1507 847 unicum
1534 809 1643 848 vitae
1665 804 1928 866 praesidium

409 901 585 945 spesque
602 901 711 928 mea.
728 886 859 929 Nunc
875 899 914 929 te
929 889 1066 930 solam
1081 889 1250 946 offendi.
1275 890 1324 931 N
1324 906 1403 931 unc
1406 922 1422 943 ,
1439 889 1557 949 quod
1577 905 1742 949 semper
1767 892 1928 949 optavi,

409 972 578 1013 semotis
593 971 767 1014 arbitris
783 983 822 1014 te
845 972 1091 1032 amplectar.
1117 975 1274 1018 Nullus
1286 978 1383 1036 jam
1403 978 1564 1035 paries⁹
1585 975 1704 1017 nulla
1721 974 1926 1018 distantia

410 1057 512 1097 meis
525 1054 711 1098 obstabit
726 1055 889 1099 osculis.
910 1082 968 1089 -——
983 1055 1198 1110 Lucretia,
1209 1062 1399 1117 quamvis
1423 1058 1613 1102 ordinem
1626 1061 1717 1118 ipsa
1731 1057 1929 1109 dedisset,

406 1142 543 1198 primo
558 1157 779 1201 congressu
791 1145 966 1201 stupuit,
979 1157 1055 1185 nec
1069 1140 1291 1184 Eurialum
1304 1142 1381 1185 sed
1398 1145 1586 1202 spiritum
1595 1143 1779 1202 putabat
1801 1159 1844 1185 se
1872 1145 1929 1185 vi-

409 1224 538 1280 dere;
559 1237 605 1268 ut
627 1242 738 1286 quae
760 1229 891 1269 virum
917 1237 1078 1269 tantum
1096 1225 1158 1269 ad
1170 1242 1222 1269 ea
1239 1226 1429 1286 pericula
1452 1229 1604 1268 iturum
1624 1227 1705 1269 sibi
1717 1243 1803 1268 non
1825 1243 1927 1269 sua-

408 1307 551 1351 debat.
564 1308 633 1351 At
652 1310 726 1352 ubi
743 1313 852 1353 inter
874 1310 1100 1367 amplexus
1115 1321 1158 1352 et
1183 1310 1325 1353 oscula
1346 1327 1465 1352 suum
1481 1313 1671 1369 cognovit
1684 1309 1928 1352 Euriulum:

414 1392 481 1435 Tu
494 1409 547 1435 ne
569 1409 630 1446 es,
652 1395 803 1453 inquio.
815 1392 1103 1452 paupercule?
1122 1392 1189 1434 Tu
1205 1409 1258 1435 ne
1274 1393 1340 1436 hic
1356 1393 1477 1447 ades,
1492 1393 1692 1437 Euriale?
1705 1422 1763 1428 —
1780 1394 1835 1436 Et
1855 1410 1928 1436 ru-

410 1477 486 1519 bro
505 1493 583 1538 per
595 1494 726 1537 genas
742 1477 881 1520 colore
890 1480 1019 1534 susoj
1039 1477 1265 1536 complexa
1282 1490 1345 1521 est
1359 1481 1512 1520 arctius
1533 1479 1762 1531 hominem,
1781 1490 1822 1521 et
1844 1495 1930 1522 me-

408 1561 482 1603 dia
487 1564 640 1617 fronte
663 1564 920 1621 conspicata.
936 1561 1133 1622 flloxque
1152 1573 1341 1622 repetens
1362 1577 1618 1605 sermonem.-
1636 1563 1736 1606 Heu
1751 1574 1930 1623 quanto,

406 1650 487 1699 ait,
518 1658 557 1689 te
578 1646 810 1689 discrimini
832 1647 1062 1706 subjecisti!
1091 1645 1208 1702 Quid
1225 1649 1406 1706 amplius
1431 1647 1603 1690 dt'cam?
1631 1647 1737 1690 Jam
1767 1664 1832 1690 me
1854 1647 1931 1690 tibi

408 1730 701 1772 chasissimam
726 1732 824 1772 scio.
850 1730 956 1771 Jam
983 1733 1044 1772 tui
1064 1734 1220 1773 amoris
1236 1733 1333 1786 feci
1350 1732 1593 1791 periculum.
1616 1730 1704 1775 Sed
1722 1748 1857 1791 neque
1883 1742 1927 1774 tu

408 1830 473 1855 me
503 1814 633 1856 aliam
660 1816 855 1856 ins-onies.
886 1813 962 1856 Dii
991 1825 1135 1856 tamen
1148 1816 1257 1871 filla
1282 1815 1528 1869 secundent,
1558 1827 1600 1858 ct
1626 1818 1764 1858 amori
1785 1825 1927 1858 nostro

403 1913 650 1957 prosperum
678 1909 870 1940 eventum
891 1896 1003 1940 dent.
1033 1898 1145 1940 Dum.
1176 1902 1343 1958 spiritus
1369 1900 1444 1942 Izos
1470 1903 1570 1959 regit
1595 1911 1730 1953 artus,
1756 1910 1929 1959 praeter

409 1993 447 2024 te
479 1999 600 2024 nemo
628 1982 848 2025 Lucretiae
877 1995 1027 2041 potens
1060 1986 1148 2026 crit.
1180 1984 1274 2026 Nec
1306 1988 1480 2026 maritus
1512 1983 1701 2044 quidem,
1731 1987 1767 2026 si
1796 1986 1926 2026 mari-

407 2076 496 2107 tum
518 2069 596 2110 rite
621 2067 810 2126 appello,
840 2071 913 2126 qui
933 2068 1035 2110 milei
1054 2071 1208 2111 invitae
1234 2067 1359 2110 datus
1384 2079 1464 2120 est,
1484 2079 1523 2110 et
1547 2071 1590 2109 in
1615 2084 1740 2128 quem
1760 2070 1925 2109 animus

409 2166 641 2210 numquam
672 2154 880 2194 consensit
901 2169 1026 2195 meus.
1054 2151 1141 2195 Sed
1169 2169 1265 2212 age,
1296 2169 1391 2194 mea
1417 2152 1627 2211 voluptas,
1651 2168 1789 2194 meum
1819 2151 1928 2194 deli-

409 2235 545 2276 cium:
591 2235 726 2295 altjicc:
766 2253 932 2279 succum
973 2237 1099 2289 hunc,
1131 2248 1250 2297 teque
1287 2237 1389 2278 mihi
1430 2247 1475 2278 ut
1505 2252 1547 2278 es
1579 2235 1763 2279 ostende.
1798 2234 1925 2278 Erue

410 2321 583 2362 vectoris
614 2322 805 2379 speciem.
838 2322 934 2363 IIos
949 2323 1086 2378 funes
1118 2324 1260 2364 missos
1276 2323 1398 2378 sace.
1433 2319 1654 2363 Eurialum
1685 2338 1750 2364 mc
1784 2319 1922 2364 videre

409 2404 640 2447 concedito.
673 2431 732 2437 —

469 2488 576 2530 Jam
606 2489 675 2531 illo
706 2488 903 2549 depositis
935 2490 1126 2533 sordibus
1148 2502 1259 2533 ostro
1288 2490 1482 2550 fiilgobat
1511 2502 1552 2532 et
1583 2506 1715 2543 (πυ-0,·
1734 2500 1773 2532 ct
1806 2504 1925 2531 atno-

411 2578 464 2617 ris
496 2578 540 2618 in
574 2575 756 2632 (fficium
784 2592 943 2636 pronus
982 2577 1082 2619 ibat.
1127 2578 1235 2620 Tum
1280 2576 1424 2620 Sosius
1463 2586 1561 2618 autc
1603 2579 1753 2617 ostium
1789 2574 1925 2634 pulsi-

412 2671 528 2701 tans:
562 2659 715 2704 Cavete
734 2694 750 2715 ,
780 2664 912 2718 inquit
929 2694 944 2715 9
976 2673 1203 2716 amantcs5
1233 2665 1370 2705 nescio
1409 2660 1514 2722 quid
1550 2676 1683 2702 rerum
1719 2674 1926 2720 quaerens

411 2744 636 2787 Menelaus
664 2746 742 2788 lzuc
770 2748 956 2800 festinat.
994 2746 1038 2789 T
1034 2750 1136 2807 cgito
1153 2749 1281 2804 furta
1307 2757 1461 2801 vestra,
1481 2745 1669 2805 dolisque
1697 2741 1928 2799 virumfial-
