2023 3091
17 382 30 421 --

527 172 606 199 120

464 239 578 282 Vicit
619 254 742 281 amor
770 241 900 279 virum
931 235 1181 293 abjectaque
1218 237 1417 293 propriae
1459 251 1563 277 eura
1601 237 1746 281 salutis
1764 271 1781 292 ,
1819 255 1913 282 cum

387 323 583 378 foemina
627 323 780 364 mansit
796 350 811 371 9
842 318 1090 376 elevansque
1136 318 1260 360 altius
1305 328 1463 358 nuatum
1490 333 1639 377 corpus
1670 333 1796 380 atque
1837 324 1912 366 de·

399 409 592 450 osculans
623 401 816 445 madidus
859 401 1114 459 lachrymis:
1157 403 1288 444 Ileu!
1321 401 1550 456 Lucretia,
1588 403 1764 446 ubinam
1801 423 1909 466 gen-

401 495 502 534 tium
551 506 592 533 es
610 520 625 540 ‚
671 487 744 528 ubi
774 503 898 529 aures
931 498 1028 530 tuae
1045 488 1069 529 Ρ
1117 487 1203 530 Cur
1251 503 1338 529 non
1384 486 1650 546 respondes?
1696 487 1782 532 Cur
1825 508 1912 535 non

399 577 528 619 audes
563 576 727 632 aperire
766 572 921 616 oculos.
958 571 1173 625 Obsecro,
1218 589 1284 615 me
1317 575 1486 632 respice.
1526 572 1688 625 Arride
1728 576 1830 617 milii
1872 588 1917 618 ut

397 660 515 702 soles.
546 657 663 700 Tuus
687 658 753 700 hic
779 656 981 699 Eurialus
1005 656 1169 699 adsum.
1205 656 1247 697 T
1244 674 1320 698 aus
1346 668 1384 699 te
1411 657 1679 716 atnplectitur
1704 657 1915 702 Eurialus.

397 743 465 785 Mi
493 745 652 797 anime,
676 758 750 785 cur
773 759 860 785 non
884 759 949 786 me
981 753 1131 785 contra
1157 742 1318 796 basias,
1344 760 1480 784 meum
1509 743 1619 786 cor?
1655 741 1829 799 Obiisu',
1859 762 1917 788 an

395 826 582 869 dormis?
616 827 699 868 Ubi
729 838 767 869 te
798 828 1036 886 quaeram?
1069 827 1170 881 Cur,
1200 830 1237 869 si
1266 830 1374 869 mori
1397 827 1588 882 volebas,
1612 844 1698 871 uon
1729 845 1794 872 me
1825 847 1917 872 mo-

395 915 523 954 nuisti
561 923 607 954 ut
630 910 870 954 occidissem
903 914 1020 954 una?
1046 911 1146 954 Nisi
1175 930 1240 956 me
1272 913 1414 966 audis,
1436 931 1489 956 en
1508 916 1608 974 jam
1639 914 1749 957 latus
1783 931 1920 957 meum

396 999 558 1055 aperiet
589 995 783 1056 gladius,
822 1007 866 1038 ut
905 1012 982 1038 nos
1020 997 1169 1038 ambos
1207 998 1365 1041 habeat
1397 1002 1537 1041 exitus
1571 1016 1691 1041 unus.
1724 998 1802 1040 ΛΙι
1835 1003 1921 1043 vita

397 1097 512 1134 mea,
541 1084 731 1124 suavium
763 1098 919 1134 meum,
948 1079 1118 1122 delitiae
1151 1097 1290 1134 meae,
1319 1099 1412 1142 spes
1455 1086 1579 1125 unica
1611 1100 1726 1137 mea,
1758 1086 1920 1143 integra

396 1166 533 1225 quies!
563 1164 724 1209 Siccine
751 1177 809 1219 te,
830 1165 1045 1219 Lucretia,
1066 1164 1227 1225 perdo?
1250 1164 1414 1209 Attolle
1445 1167 1606 1222 oculos,
1630 1167 1749 1210 eleva
1776 1179 1922 1228 caput,

398 1249 588 1292 nondum
623 1261 791 1292 mortua
822 1267 891 1303 es,
921 1249 1054 1293 video.
1099 1249 1259 1292 Adhuc
1297 1250 1442 1304 cales,
1478 1251 1618 1294 adlzuc
1650 1254 1814 1310 spiras:
1844 1268 1919 1294 cur

399 1334 502 1375 mihi
519 1350 605 1376 non
631 1334 812 1394 loqueris
827 1335 851 1376 ?
882 1332 951 1377 Sic
973 1351 1038 1377 me
1066 1335 1246 1392 recipis?
1267 1333 1347 1376 Ad
1361 1335 1467 1377 lzaec
1488 1351 1553 1377 me
1581 1334 1742 1394 gaudia
1770 1337 1921 1378 vocas?

399 1416 532 1459 IIanc
563 1417 666 1459 milii
694 1418 772 1460 das
805 1419 1003 1460 noctem?
1038 1418 1245 1477 Assuroe,
1284 1434 1379 1472 or0,
1409 1421 1572 1478 requies
1603 1435 1713 1461 mea.
1745 1417 1921 1478 Respice

401 1511 517 1543 tuum
541 1501 776 1544 Eurialum.
804 1502 1003 1544 Eurialus
1033 1501 1184 1544 adsum
1211 1514 1318 1544 tuus.
1353 1529 1411 1534 —-

459 1587 532 1629 Ae
555 1590 612 1630 sie
627 1590 774 1643 fatus,
805 1587 1119 1645 lachrymarum
1127 1587 1313 1643 flumine
1328 1602 1455 1640 super
1467 1589 1663 1643 fi'ontem
1685 1599 1725 1630 et
1743 1588 1922 1630 mulieris

400 1682 607 1731 tympana
620 1671 746 1731 pluit,
758 1671 908 1731 quibus
924 1682 1142 1732 tamquam
1155 1686 1276 1714 rosae
1290 1674 1412 1731 aquis
1426 1674 1614 1713 excitata
1629 1671 1925 1732 mulier9quasi

399 1756 454 1799 de
466 1759 585 1817 gravi
609 1772 756 1799 somno
778 1759 980 1810 surrexit,
1009 1768 1308 1816 amantemque
1329 1756 1491 1798 videns!
1516 1756 1619 1798 Heu
1650 1774 1736 1808 me,
1766 1760 1924 1816 inquit,

401 1841 595 1884 Euriale!
617 1841 792 1884 ubinam
802 1843 900 1895 fiii?
917 1841 1002 1886 Cur
1017 1859 1081 1885 me
1098 1858 1186 1884 non
1203 1845 1342 1902 potius
1360 1841 1475 1884 obire
1492 1841 1660 1882 sinisti?
1678 1841 1817 1883 Beata
1827 1844 1922 1901 jam

402 1927 614 1970 moriebar
631 1930 673 1969 in
705 1930 784 1969 tuis
815 1927 1023 1969 manibus.
1059 1927 1230 1968 Utinam
1255 1929 1312 1968 sic
1339 1925 1588 1968 excederem
1613 1937 1845 1986 antequam
1872 1937 1918 1968 tu

402 2012 483 2053 liae
504 2012 605 2054 urbe
622 2011 1048 2054 discederem—Dum
1067 2014 1124 2053 sic
1141 2013 1314 2053 invicem
1319 2012 1498 2067 santur,
1513 2013 1557 2052 in
1573 2010 1807 2052 thalamum
1822 2027 1922 2070 per-

397 2107 519 2153 gunt,
540 2096 615 2137 ubi
628 2096 754 2138 talem
786 2107 950 2138 noctem
982 2095 1239 2148 habuerunt,
1263 2093 1434 2154 qualem
1458 2093 1662 2137 credimus
1683 2097 1792 2136 inter
1815 2094 1919 2137 duos

402 2191 594 2222 amantes
607 2182 762 2243 sitisse,
779 2192 1007 2240 postquam
1031 2180 1208 2222 navib‘us
1229 2179 1326 2221 altis
1353 2191 1521 2239 raptam
1553 2177 1768 2220 IIelenam
1790 2178 1920 2220 Paris

401 2264 598 2306 abduxit.
620 2264 811 2324 Tamque
845 2265 975 2308 dulcis
1000 2267 1078 2307 ista
1109 2281 1202 2306 nox
1214 2266 1325 2321 ficit,
1350 2274 1395 2305 ut
1424 2262 1550 2304 ambo
1588 2274 1789 2322 negarent
1814 2265 1923 2306 inter

404 2350 591 2392 Martem
625 2349 917 2410 Veneremque
934 2353 1087 2406 juisse.
1123 2350 1189 2392 Tu
1221 2366 1336 2391 meus
1357 2365 1400 2391 es
1425 2347 1706 2402 Ganimecles,
1728 2359 1772 2390 tu
1801 2365 1918 2390 meus

404 2434 683 2494 Jb'ppolitus,
703 2433 930 2476 Diomedes
951 2451 1085 2487 meus,
1104 2433 1272 2476 dicebat
1294 2432 1501 2475 Lucretia.
1521 2458 1578 2465 ——
1598 2432 1641 2473 T
1638 2449 1664 2473 u
1681 2432 1783 2473 milii
1800 2431 1920 2474 Poli-

403 2536 520 2562 srena
537 2535 599 2572 es,
628 2517 826 2560 Eurialus
849 2518 1068 2573 rcferebat.
1105 2517 1150 2560 T
1147 2535 1173 2559 u
1196 2516 1372 2561 sEmilia
1390 2549 1401 2569 ,
1423 2528 1465 2559 tu
1496 2516 1643 2559 Venus
1667 2519 1772 2576 ipsa.
1790 2541 1848 2548 ——-
1862 2515 1919 2558 Et

403 2621 513 2647 nunc
530 2621 595 2657 os,
609 2621 719 2647 nunc
731 2620 863 2663 genas
867 2636 882 2656 ,
897 2621 1006 2646 nunc
1021 2603 1162 2646 oculos
1177 2602 1515 2646 commendabat.
1532 2601 1792 2662 Elevatoque
1806 2618 1917 2644 non-

403 2705 633 2748 numquam
648 2688 801 2742 lodice,
812 2699 971 2730 secreta
988 2705 1098 2748 quae
1112 2706 1197 2732 non
1214 2689 1376 2732 viderat
1391 2699 1520 2730 antea
1536 2686 1918 2747 contemplabatur,

404 2784 461 2826 et,
479 2773 584 2815 Plus
588 2806 603 2827 9
622 2773 808 2826 (licebat,
837 2776 999 2816 invenio
1018 2790 1146 2834 quam
1169 2786 1383 2833 putaram.
1414 2772 1565 2816 Talem
1586 2772 1802 2815 lavantem
1819 2770 1920 2814 vidit
