2023 3091
509 105 591 160 124

440 190 615 235 Interea
659 190 820 234 Caesar
859 189 933 247 qui
957 188 1054 244 jam
1089 186 1278 248 Eugenio
1319 192 1609 235 reconciliatus
1648 209 1767 250 erat,
1797 198 1885 243 Ro-

379 292 494 320 mam
520 287 661 337 petere
697 272 930 316 destinavit.
967 268 1108 314 Sensit
1148 272 1227 316 hoc
1264 273 1489 330 Lucretia,·
1524 276 1628 336 quid
1661 282 1770 322 enim
1800 299 1887 325 non

378 365 503 405 sentit
532 359 681 404 amor?
711 365 788 397 aut
817 357 909 414 quis
936 354 1089 409 fallere
1116 361 1250 418 possit
1279 361 1526 404 amantem?
1549 360 1618 406 Sic
1650 365 1773 424 igitur
1803 365 1886 410 Lu-

377 450 506 491 cretia
536 444 696 502 scripsit
719 438 912 484 Eurialo.

854 635 973 680 Epzs
980 651 1094 681 roza
1125 636 1416 683 LUCRETJAE.

431 781 483 826 Si
512 794 657 842 posset
685 785 851 825 animus
890 800 1007 826 meus
1039 787 1167 828 irasci
1197 785 1289 840 tibi,
1310 787 1408 846 jam
1438 802 1745 841 succenserem,
1776 789 1894 848 quod

369 866 582 910 abiturum
615 877 654 909 te
685 864 968 908 dissimulasti.
992 866 1081 910 Sed
1103 871 1235 927 magis
1265 880 1384 911 amat
1406 880 1445 912 te
1477 885 1608 930 quam
1632 887 1698 913 me
1724 874 1892 930 spiritus

370 968 499 995 meus.
530 950 668 994 Nulla
695 961 836 1010 potest
865 966 925 992 ex
954 967 1087 992 causa
1115 951 1315 996 adversus
1347 965 1386 997 te
1407 958 1576 998 moveri.
1602 954 1723 1009 Heu,
1755 973 1895 999 meum

371 1053 462 1091 cor,
499 1036 604 1098 quid
646 1047 709 1079 est
752 1034 870 1096 quod
907 1035 1009 1077 mihi
1040 1034 1265 1079 Caesarem
1303 1055 1390 1080 non
1421 1039 1570 1082 dixisti
1599 1042 1894 1083 recessurum?

370 1120 454 1165 Ille
486 1124 625 1165 itineri
638 1138 680 1164 se
708 1132 858 1182 parat,
887 1137 965 1163 nec
987 1131 1031 1163 tu
1047 1121 1238 1163 manebis
1258 1124 1356 1165 scio.
1379 1121 1508 1181 Quid>
1537 1124 1729 1178 obsecro,
1745 1124 1796 1168 de
1829 1141 1893 1168 me

362 1205 463 1264 fiet?
477 1205 582 1267 quid
605 1222 731 1266 agam
762 1205 950 1262 misera?
982 1205 1056 1247 ubi
1083 1201 1374 1265 requiescam?
1406 1205 1455 1249 Si
1484 1224 1548 1250 me
1581 1209 1781 1269 relinquis
1807 1225 1894 1251 non

370 1294 461 1334 νίνο
502 1290 690 1333 biduum.
735 1290 827 1332 Per
859 1306 955 1349 ergo
997 1290 1076 1332 lias
1108 1290 1250 1333 literas
1290 1294 1372 1334 mei
1411 1291 1641 1351 lachrymis
1675 1292 1894 1347 madidas,

368 1391 528 1437 perque
553 1386 672 1417 tuam
696 1373 924 1417 dexteram
943 1385 984 1416 et
1014 1373 1164 1416 datam
1185 1373 1337 1429 sidem,
1356 1378 1394 1417 si
1415 1374 1467 1418 de
1495 1387 1534 1419 te
1564 1379 1792 1437 quicquam
1812 1393 1895 1420 me-

373 1462 456 1513 rui,
471 1471 547 1503 aut
544 1461 639 1517 fuit
653 1459 731 1501 tibi
743 1460 970 1519 quicquam
986 1457 1106 1501 dulce
1123 1475 1260 1501 meum
1264 1491 1280 1513 9
1295 1461 1488 1502 miserere
1504 1460 1681 1517 itfizlicis
1697 1464 1894 1504 amantis.

371 1545 480 1588 Non
506 1557 606 1605 peto
633 1556 678 1587 ut
708 1560 903 1597 maneas,
925 1542 1061 1586 seduc
1077 1543 1200 1586 tollas
1232 1561 1297 1586 me
1330 1556 1478 1587 tecum.
1504 1544 1686 1605 Finganz.
1717 1563 1782 1588 me
1814 1563 1883 1589 ve-

371 1633 486 1690 speri
506 1630 728 1673 Bethleem
754 1640 896 1689 petere
928 1629 1050 1683 velle,
1072 1632 1322 1689 unicamque
1343 1631 1542 1689 recipiam
1574 1647 1718 1673 anum.
1742 1630 1895 1673 Assint

372 1714 457 1758 illic
487 1714 572 1757 duo
605 1725 735 1757 tresve
765 1712 934 1767 famuli
962 1729 1022 1755 ex
1053 1715 1150 1765 tuis,
1186 1729 1333 1773 meque
1366 1716 1549 1773 rapiant.
1582 1715 1705 1757 Nihil
1735 1718 1897 1775 negocii

372 1811 436 1842 est
451 1800 657 1842 volentem
672 1802 845 1858 eripere.
874 1797 968 1840 Nec
991 1797 1070 1839 tibi
1090 1796 1286 1840 dedecori
1305 1809 1424 1857 puta.
1448 1798 1569 1840 Nam
1593 1798 1707 1850 silius
1725 1799 1896 1841 Priami

373 1886 591 1945 conjugem
636 1884 717 1925 sibi
755 1894 880 1942 raptu
920 1884 1102 1941 paravit.
1133 1881 1240 1925 Non
1284 1883 1551 1943 injuriaberis
1587 1886 1673 1926 viro
1707 1901 1813 1927 meo.
1848 1882 1895 1926 Is

373 1973 486 2012 enim
506 1957 680 2012 omnino
695 1985 761 2011 me
775 1966 1015 2027 perditurus
1031 1977 1101 2009 est.
1124 1967 1326 2027 Namque
1349 1971 1430 2010 nisi
1458 1985 1524 2011 me
1555 1968 1767 2023 abducas,
1783 1984 1894 2011 mors

375 2071 439 2096 me
471 2054 533 2096 illi
551 2056 727 2110 a1fferet.
754 2052 843 2096 Sed
865 2052 955 2095 noli
979 2063 1023 2095 tu
1048 2068 1136 2095 esse
1162 2051 1360 2106 crudelis,
1384 2070 1530 2114 meque
1553 2057 1797 2097 morituram
1830 2069 1894 2096 re·

373 2136 579 2197 linquere,
607 2154 718 2198 quae
751 2149 790 2180 te
820 2137 951 2197 pluris
983 2151 1148 2196 semper
1171 2152 1302 2196 quam
1333 2153 1397 2179 me
1414 2138 1526 2193 jeci.
1559 2163 1619 2170 —-

435 2281 516 2326 Ad
545 2283 650 2326 haec
682 2282 881 2325 Eurialus
907 2286 951 2325 in
983 2282 1093 2324 hunc
1127 2281 1298 2323 modum
1329 2285 1547 2342 rescripsit.

886 2476 1126 2519 Epa-rom
1164 2475 1207 2518 E
1209 2490 1382 2520 umam.

434 2649 579 2693 Celavi
597 2661 635 2693 te
653 2665 784 2709 usque
815 2664 946 2702 nunc,
960 2664 1056 2689 mea
1077 2646 1295 2702 Lucretia,
1319 2665 1372 2692 ne
1397 2659 1436 2692 te
1462 2651 1637 2691 nimium
1659 2649 1890 2702 afflictares

373 2746 604 2795 antequam
634 2747 795 2795 tempus
821 2744 939 2778 esset.
965 2731 1060 2777 Scio
1087 2748 1222 2776 mores
1256 2745 1361 2780 tuos.
1388 2735 1505 2778 Novi
1527 2737 1628 2795 quia
1654 2745 1693 2776 te
1719 2735 1894 2776 nimium
