2023 3091
572 227 650 254 102

445 296 555 339 hunc
570 312 682 339 nunc
712 295 829 338 illum
848 290 1002 335 cadum
1018 288 1264 347 terebravit,
1284 309 1336 336 ac
1360 310 1454 336 cum
1486 296 1572 336 viro
1590 297 1805 353 potisavit,
1823 296 1955 339 clomc

443 377 664 422 Eurialum
691 377 854 437 putavit
883 373 1048 429 abisse,·
1079 390 1130 417 ac
1157 378 1218 418 ita
1243 375 1411 420 dentum
1442 376 1505 418 ad
1524 379 1710 437 ingratos
1731 377 1955 437 hymeneos

441 480 535 506 cum
566 467 650 507 viro
682 461 882 503 transivit.
915 458 1116 503 Eurialus
1147 463 1395 522 intempesta
1427 472 1548 504 nocte
1579 461 1751 505 domum
1782 461 1955 523 repetiit.

500 546 702 605 Sequenti
728 542 838 598 luce,
860 545 944 587 sive
959 543 1078 603 quod
1095 548 1153 587 sic
1174 544 1436 604 expediebat
1452 561 1666 601 camerae,
1685 548 1768 589 sive
1786 548 1956 605 suspitio

440 630 673 683 malafitit,
687 629 931 685 fenestram
963 627 1190 671 splenelaus
1206 629 1432 671 obstruxit.
1451 629 1605 683 Credo,
1623 640 1670 672 ut
1693 640 1792 672 sunt
1819 631 1958 672 conci-

441 731 506 757 ves
536 714 668 754 nostri
697 714 741 754 in
773 714 1021 773 conjecturis
1053 716 1168 756 acuti
1206 716 1566 774 suspitionumque
1595 714 1745 774 pleni,
1777 716 1957 756 timuisse.

439 797 688 840 Menelaum
727 798 811 842 loci
847 798 1221 853 commoditatem,
1260 810 1386 861 utque
1415 816 1573 860 parum
1600 799 1763 853 fidebat
1799 802 1959 854 uxori,

437 885 701 926 occasionem
725 881 894 925 demere
924 882 1116 926 voluisse.
1151 883 1272 926 Nam
1315 887 1394 928 etsi
1437 884 1557 928 niliili
1601 886 1789 927 conscius
1834 894 1927 927 erat
1943 914 1960 938 ,

437 979 640 1011 vexatam
671 978 815 1010 tamen
829 968 1076 1025 foeminam
1105 968 1331 1030 dietimque
1363 981 1572 1013 tentatam
1611 969 1836 1030 praecibus
1871 985 1959 1012 non

438 1051 675 1112 ignorabat.
693 1051 751 1094 Et
780 1055 970 1095 animum
989 1052 1269 1112 cognoscebat
1293 1054 1475 1098 mulieris
1489 1054 1749 1108 instabilem,
1766 1055 1882 1114 cujus
1899 1065 1960 1096 tot

437 1148 534 1180 sunt
563 1136 799 1180 voluntates
829 1147 933 1198 quot
957 1139 1001 1179 in
1027 1136 1252 1179 arboribus
1266 1137 1400 1192 folia.
1421 1136 1561 1180 Sexus
1587 1142 1698 1182 enim
1718 1141 1958 1194 sbemineus

436 1225 633 1266 novitatis
664 1234 727 1266 est
756 1221 924 1277 avidus,
954 1238 1136 1283 raroque
1169 1225 1302 1267 virum
1327 1234 1448 1264 amat
1477 1225 1594 1283 cujus
1625 1227 1792 1284 copiam
1816 1224 1957 1266 habet.

436 1306 704 1368 Sequebatur
727 1325 822 1367 ergo
855 1310 968 1352 viam
998 1311 1247 1350 maritorum
1268 1307 1600 1368 promulgatam,
1617 1323 1795 1368 quorum
1816 1310 1958 1367 opinio

437 1403 500 1434 est
514 1423 529 1444 ,
561 1394 836 1446 infortunium
868 1384 990 1434 bonis
1019 1391 1195 1435 excludi
1223 1391 1434 1436 custodiis.
1468 1392 1630 1453 Erepta
1661 1390 1723 1436 est
1747 1392 1828 1435 huc
1858 1408 1960 1434 con-

438 1476 634 1520 veniendi
652 1477 856 1531 facultas.
889 1477 984 1521 Nec
1030 1477 1241 1521 mittendis
1281 1479 1408 1522 literis
1438 1482 1646 1539 permissa
1680 1478 1854 1522 libertas
1885 1489 1959 1521 est.

438 1561 558 1603 Nam
584 1572 626 1604 et
644 1578 880 1622 cauponem
911 1567 987 1623 qui
1004 1575 1104 1622 post
1117 1563 1244 1607 aedes
1263 1564 1484 1608 Lucretiae
1511 1566 1718 1607 vinariam
1737 1563 1960 1606 tabernam

437 1645 731 1701 conduxerat,
762 1664 821 1690 ex
852 1664 940 1707 qua
970 1647 1136 1691 solebat
1160 1647 1361 1691 Eurialus
1392 1648 1520 1706 affari
1543 1647 1784 1690 Lucretiam
1826 1663 1878 1690 ac
1909 1647 1958 1688 li-

439 1742 550 1774 teras
578 1747 657 1790 per
671 1731 923 1774 arundinem
944 1735 1104 1776 mittere
1107 1766 1124 1786 ,
1147 1736 1267 1776 sicuti
1284 1733 1509 1776 splenelaus
1525 1735 1674 1787 suasit,
1693 1734 1958 1792 magistratus

437 1814 613 1873 expulit.
646 1815 850 1860 Restabat
879 1815 992 1859 solus
1024 1816 1241 1860 oculorum
1283 1819 1472 1872 intuitus,
1504 1828 1689 1878 nutuque
1721 1827 1885 1859 tantum
1915 1832 1958 1858 se

437 1899 739 1943 consultabant
768 1912 973 1945 amantes.
1006 1901 1158 1962 Neque
1181 1905 1262 1945 ista
1286 1904 1444 1945 amoris
1480 1913 1675 1946 extrema
1706 1900 1822 1944 linea
1847 1917 1962 1943 com·

438 1982 561 2026 mode
588 1986 752 2044 perfrui
777 1997 990 2044 poterant.
1024 1985 1134 2029 Erat
1163 1989 1308 2048 ingens
1332 1986 1458 2030 dolor
1488 1989 1650 2047 utrique
1681 1996 1723 2028 et
1752 1986 1959 2028 cruciatus

440 2071 563 2110 morti
605 2069 780 2124 similis,
821 2072 923 2129 quia
954 2087 1031 2113 nec
1077 2074 1235 2113 amoris
1276 2082 1477 2130 poterant
1506 2070 1694 2113 oblivisci
1722 2086 1799 2113 nec
1830 2072 1874 2111 in
1905 2084 1954 2111 eo

438 2167 715 2210 perseverare.
750 2154 865 2196 Dum
896 2157 952 2197 sic
984 2158 1142 2197 anxius
1174 2154 1372 2197 Eurialus
1393 2153 1497 2215 quid
1519 2153 1682 2197 consilii
1701 2156 1845 2213 capiat
1874 2169 1958 2196 me-

440 2234 615 2289 ditatur,
647 2241 755 2280 venit
785 2241 827 2280 iu
853 2251 1034 2281 mentem
1049 2238 1270 2282 Lucretiae
1286 2242 1509 2292 monitum,
1538 2237 1655 2298 quod
1673 2236 1725 2280 de
1752 2237 1957 2280 Pandalo

441 2324 661 2381 scripserat
691 2322 880 2365 Menelai
899 2324 1088 2379 sobrino,
1106 2327 1344 2385 peritosque
1370 2323 1551 2367 medicos
1580 2326 1783 2376 imitatus,
1807 2322 1956 2383 quibus

443 2422 531 2449 mos
563 2417 624 2449 est
651 2409 694 2448 in
722 2407 965 2466 periculosis
996 2408 1323 2468 aegritudinibus
1355 2424 1511 2468 anceps
1541 2406 1743 2450 adhibere
1769 2406 1955 2450 medica-

443 2503 652 2547 mentum,
694 2503 734 2535 et
765 2492 911 2534 ultima
953 2496 1093 2551 potius
1130 2496 1318 2554 experiri
1347 2510 1477 2554 quam
1510 2494 1598 2535 sine
1631 2508 1732 2535 cura
1766 2491 1957 2534 morbum

442 2577 695 2638 relinquere,
730 2576 900 2619 anm-edi
930 2577 1179 2620 Pandalum
1213 2581 1375 2633 statuit,
1406 2576 1714 2637 remediumque
1750 2579 1956 2636 suscipere

756 2612 804 2636 on

444 2661 560 2721 quod
583 2673 680 2705 ante
714 2664 929 2715 reliiturat.

507 2831 603 2874 Hoc
643 2835 764 2891 igitur
799 2837 995 2877 accersito
1042 2847 1081 2876 et
1122 2838 1164 2876 in
1197 2837 1443 2893 pertinerem
1480 2843 1642 2893 purtem
1691 2832 1839 2875 domus
1884 2847 1954 2874 νο-
