1890 3081
1380 156 1460 216 195

62 245 106 305 ὲ,
119 242 296 307 poiche
321 241 432 289 altri
455 241 481 289 ὲ
496 240 670 307 legato,
690 256 846 288 amare
868 240 916 287 in
932 236 1072 288 modo
1091 237 1178 288 che
1195 255 1294 288 non
1313 241 1384 288 816
1401 240 1576 307 palese:

61 341 230 398 questo
255 351 350 381 non
375 335 417 380 si
439 334 534 398 pub
571 333 676 380 fare
711 348 852 380 senza
888 348 1061 380 mezzo.
1096 332 1181 381 Ma
1205 333 1409 397 importa
1430 332 1580 382 molto

61 423 284 489 eleggere
310 423 385 470 chi
409 422 551 470 habbi
573 424 784 487 ing-egilo
808 439 833 470 e
858 420 1120 486 prudenza,
1145 440 1170 470 e
1194 424 1263 470 sia
1287 422 1441 471 fedele
1466 441 1491 471 e
1514 432 1581 471 ta-

59 516 265 574 citurno,
291 531 315 561 e
340 530 429 561 con
454 514 678 559 affezione
698 530 722 560 e
742 529 828 576 per
848 510 1196 571 benivolenzia,
1214 529 1239 560 e
1260 529 1356 560 non
1375 527 1461 578 per
1481 532 1580 563 601·-

59 604 234 653 ruttela
258 622 285 652 o
309 622 395 668 per
419 605 624 652 avarizia
649 604 690 649 si
725 604 1005 650 intrometta
1027 610 1075 650 et
1111 603 1373 651 affatiehisi.
1397 606 1506 653 Non
1530 606 1580 653 fa

57 697 281 742 mestiero
306 695 515 741 narrat-ti
538 693 677 759 quale
713 710 901 757 sempre
938 694 1008 739 sia
1043 700 1165 740 stata
1189 693 1233 740 16
1259 692 1435 743 ἷ6ᾶ611ὲ
1459 698 1580 761 mia,

57 788 126 833 sia
139 787 404 833 certissima
421 785 507 832 6116
527 785 575 831 (11
589 787 788 832 nissuno
807 786 845 831 ti
863 786 978 849 puoi
996 784 1145 832 fidare
1165 787 1247 850 piu
1267 785 1580 836 liberamente

55 877 142 924 6116
167 876 215 923 (11
239 894 340 939 me3
364 875 513 941 pig-lia
537 875 662 923 della
687 892 832 939 opera
863 877 957 922 mia
981 876 1254 941 qualunque
1277 876 1468 939 fiducia,
1491 878 1579 934 6116

55 970 93 1015 ti
116 976 353 1033 prometto
378 970 550 1017 esserti
585 969 668 1032 piu
705 967 861 1015 fedele
898 968 984 1017 che
1023 985 1049 1015 a
1071 986 1146 1016 me
1177 976 1344 1017 stesso.
1368 970 1424 1017 Io
1448 978 1575 1020 temo

54 1060 178 1105 68861
201 1058 287 1106 6116
311 1066 480 1124 questo
503 1066 586 1105 tuo
611 1076 769 1105 amore
796 1076 891 1106 non
916 1060 958 1105 si
981 1059 1248 1121 manifesti,
1267 1076 1292 1107 e
1317 1078 1414 1108 non
1438 1062 1478 1109 ti
1500 1079 1577 1109 re-

54 1150 130 1197 chi
153 1150 346 1198 hiasmo.
370 1151 602 1214 Disposto
636 1167 754 1198 sono
790 1168 876 1215 per
912 1151 958 1198 16
983 1151 1226 1218 singolare
1262 1153 1506 1215 affezione,
1530 1153 1579 1201 la

50 1239 193 1304 quale
218 1242 256 1287 ti
280 1249 436 1304 porto,
463 1258 690 1305 aoperare
709 1243 825 1306 ogni
843 1244 935 1289 mia
959 1242 1212 1303 industria,
1231 1262 1256 1292 e
1275 1243 1449 1292 durare
1461 1246 1579 1310 ogni

52 1330 196 1376 fatiea
220 1330 437 1378 aceioche
467 1349 607 1379 senza
647 1331 860 1394 pericolo
900 1349 928 1378 o
955 1331 1137 1379 biasmo
1162 1340 1214 1379 tu
1239 1336 1508 1398 conseguiti
1532 1334 1579 1382 el

52 1421 288 1468 desiderio
315 1421 737 1469 tu0.—-Confesso
763 1438 925 1469 essere
951 1424 1203 1470 verissimo
1228 1423 1389 1488 quello
1414 1423 1500 1472 6116
1525 1431 1578 1472 tu

50 1511 166 1571 diei,
191 1511 377 1575 rispose
399 1511 659 1570 Lucrezia,
684 1528 759 1557 ma
783 1518 837 1558 tu
860 1513 926 1558 mi
951 1514 1024 1559 sei
1047 1519 1221 1576 paruto
1245 1530 1342 1561 non
1367 1530 1420 1561 so
1445 1530 1577 1563 60016

48 1596 342 1666 negligente,
357 1619 381 1649 e
396 1603 532 1666 quasi
552 1603 794 1649 contrario
815 1601 969 1650 a'miei
990 1601 1236 1663 desiderii,
1250 1620 1325 1649 ma
1339 1603 1480 1669 dapoi
1493 1604 1582 1654 6116

49 1700 469 1755 8Ρο1116116611161116
493 1694 559 1739 1111
582 1693 798 1757 proferri
821 1692 1005 1757 l'opera
1027 1700 1130 1753 tua,
1153 1693 1407 1742 volontieri
1430 1695 1459 1741 l’
1474 1711 1581 1744 use-

48 1782 131 1842 rb,
157 1784 216 1830 ne
241 1784 438 1830 stimero
464 1785 683 1847 giammai
719 1783 806 1830 6116
842 1789 896 1830 tu
936 1785 1002 1830 mi
1031 1782 1166 1847 vogli
1189 1785 1468 1848 ing-annam.
1492 1785 1581 1834 sai

49 1889 139 1919 eon
163 1872 292 1936 quali
317 1872 502 1919 flamme
528 1872 639 1919 arde
664 1872 700 1919 il
726 1874 822 1919 mio
861 1889 1035 1933 cuore,
1063 1872 1109 1920 16
1134 1873 1264 1939 quali
1288 1880 1580 1926 cert-amente

47 1963 132 2027 piu
156 1962 372 2009 sofferire
394 1979 491 2008 non
509 1979 673 2026 posso:
698 1963 894 2027 ajutami
915 1961 1156 2028 adunque,
1179 1963 1335 2024 Sosia,
1359 1965 1579 2014 666106116

47 2054 94 2100 10
118 2069 216 2100 11011
238 2054 438 2116 perisca.
462 2052 662 2100 Eurialo
686 2069 772 2116 per
797 2069 871 2100 me
897 2055 938 2100 si
963 2059 1170 2119 strugge
1194 2071 1220 2102 6
1244 2061 1506 2117 tormenta,
1529 2064 1578 2104 et

46 2143 94 2191 io
115 2160 204 2208 per
227 2160 386 2190 amore
411 2161 497 2190 suo
522 2145 732 2208 impazzo
756 2160 781 2192 6
805 2161 990 2192 muoro.
1021 2145 1105 2192 Ma
1130 2161 1180 2193 se
1203 2162 1299 2193 una
1322 2146 1423 2194 sola
1447 2146 1577 2196 volta

46 2236 91 2281 ei
113 2236 372 2299 potessimo
406 2241 600 2282 trovare
625 2236 822 2282 insieme
837 2267 852 2295 ,
884 2238 1211 2285 ameremmosi
1234 2239 1314 2302 poi
1338 2253 1429 2286 con
1451 2255 1578 2304 mag·-

45 2326 182 2391 giore
205 2328 541 2391 temperanzia,
563 2333 610 2373 61
634 2326 669 2373 11
694 2333 861 2375 nostro
885 2344 1045 2376 amore
1072 2328 1274 2377 sal-ebbe
1297 2331 1382 2394 piu
1406 2329 1572 2378 celato.

44 2418 123 2464 Tu
148 2419 218 2466 sei
238 2418 476 2482 prudente
502 2426 548 2467 61
572 2426 757 2481 astuto,
789 2438 813 2468 e
839 2420 1039 2470 volendo
1063 2424 1222 2487 saprai
1247 2429 1438 2470 trovare
1463 2437 1573 2486 pre-

45 2515 120 2555 sto
141 2508 188 2555 la
210 2511 300 2571 via,
324 2510 360 2558 il
384 2511 470 2559 6116
495 2510 698 2559 facendo
722 2513 761 2558 ti
783 2511 1085 2577 obbligherai
1108 2513 1310 2562 Eurialo
1335 2530 1360 2559 e
1381 2530 1455 2560 me
1480 2528 1572 2561 con

45 2598 277 2648 beneficio
302 2601 633 2651 indissolubile
668 2619 694 2650 e
728 2602 852 2664 tale,
890 2604 977 2652 6116
1000 2604 1160 2653 buono
1182 2622 1269 2670 per
1294 2611 1340 2652 te
1357 2636 1372 2663 ,
1397 2621 1422 2653 e
1448 2604 1572 2652 sarai

45 2692 243 2756 cagione
267 2692 316 2740 di
339 2694 461 2742 farei
485 2696 502 2742 i
524 2695 607 2760 piu
631 2694 764 2748 felici
786 2699 963 2744 amanti
989 2697 1075 2745 6116
1112 2697 1205 2744 mai
1234 2696 1437 2752 fussino.

111 2780 223 2831 Non
246 2784 344 2848 piu,
369 2783 473 2833 dice
498 2785 654 2849 Sosia,
674 2792 746 2834 sta
771 2803 884 2836 sana
902 2804 927 2836 e
956 2788 1073 2838 tieni
1092 2804 1180 2852 per
1199 2803 1311 2836 cosa
1334 2793 1465 2835 certa
1482 2785 1569 2835 6116
