2023 3091
538 110 592 164 96

428 204 531 249 quos
559 189 646 232 vult
666 188 820 240 elevat,
842 196 883 228 et
905 198 1011 243 quos
1036 182 1122 226 vult
1142 183 1349 244 deprimit.
1379 185 1484 242 Quis
1508 187 1717 230 Pacorum
1745 189 1948 249 perdidit,

427 273 731 331 nisijbrtuua?
756 270 912 312 Nonne
928 266 1148 326 prudentis
1168 269 1333 313 consilii
1339 271 1434 326 fuit
1457 271 1501 312 in
1525 270 1646 314 nodis
1671 273 1804 317 violae
1825 275 1947 317 clau-

427 361 526 402 sisse
559 356 755 407 tabellas,
785 363 827 394 et
856 369 968 395 nunc
1007 352 1207 415 beneficio
1247 357 1352 398 nivis
1383 354 1606 414 epistolam
1637 359 1948 402 transmisisse?

429 443 554 486 Dicet
583 440 733 498 aliquis
756 436 855 493 sieri
883 441 1046 481 cautius
1074 443 1272 499 potuisse.
1299 438 1430 496 Quod
1457 442 1495 482 si
1513 441 1593 484 hoc
1617 441 1835 485 consilium
1849 446 1950 500 sbr-

431 539 532 569 tuna
554 526 747 583 juvasset
775 533 818 565 et
848 534 996 565 cautus
1017 522 1084 566 liic
1107 534 1151 566 et
1176 523 1524 582 prudentissimus
1546 525 1763 585 judicatus
1777 529 1949 583 fuisset.

430 606 517 651 Sed
539 606 715 649 obstans
729 608 900 664 fiztum,
927 607 1062 667 pilam
1093 624 1154 650 ex
1174 607 1396 652 Lucretiae
1417 598 1802 669 manibus'lapsam
1833 610 1952 670 apud

428 696 565 752 ignem
594 690 740 745 duxit,
770 691 845 734 ubi
873 691 1017 735 solutis
1048 692 1190 736 calore
1213 693 1395 747 nivibus,
1419 693 1730 755 liquefactaque
1761 710 1860 737 cera
1884 705 1952 737 ta-

428 777 563 820 bellas
594 779 896 833 manffestavit,
926 795 1034 839 quas
1075 777 1368 822 tum-'vetulae
1401 795 1511 840 quae
1551 796 1594 822 se
1626 779 1954 834 calefitciebant,

429 874 517 904 tum
549 862 777 905 Blenelaus
808 866 882 922 qui
910 863 1063 906 aderat
1097 864 1390 924 perlegerunt,
1421 881 1636 926 novasque
1667 865 1758 909 lites
1788 868 1954 908 excita-

429 958 545 1002 runt,
574 964 683 1008 quas
728 946 924 990 Pacorus
970 964 1058 991 non
1103 954 1379 994 excusatione
1410 951 1488 994 sed
1515 955 1631 1011 juga
1678 953 1833 994 vitavit.

489 1119 577 1161 Hic
607 1134 732 1161 amor
746 1135 806 1161 ex
829 1136 906 1161 usu
934 1119 1046 1161 venit
1068 1117 1259 1161 Eurialo.
1277 1117 1328 1160 N
1325 1135 1395 1161 am
1411 1119 1511 1162 dum
1533 1123 1595 1164 vir
1619 1137 1782 1181 gressus
1807 1131 1848 1163 et
1877 1135 1954 1162 ac-

430 1213 495 1244 tus
511 1203 674 1245 Pacori
688 1202 948 1263 speculatur,
962 1202 1124 1245 insidiis
1145 1201 1314 1244 Euriali
1336 1201 1608 1258 locumfizcit.
1630 1204 1871 1263 Verumque
1893 1214 1955 1246 cst

430 1287 548 1347 quod
576 1287 662 1330 dici
689 1287 823 1341 solet,
866 1303 953 1330 non
975 1287 1116 1343 facile
1156 1290 1355 1330 custodiri
1393 1287 1511 1347 quod
1539 1304 1567 1330 a
1597 1287 1787 1349 pluribus
1817 1303 1955 1347 oppu-

426 1383 596 1432 gilallll'.

492 1543 802 1603 Expectabant
850 1554 1044 1586 amantes
1081 1555 1179 1604 post
1216 1546 1398 1602 primum
1441 1543 1706 1587 concubitum
1751 1541 1957 1586 secundas

432 1631 615 1687 nuptias.
652 1628 829 1672 Viculus
860 1632 969 1672 iuter
1007 1629 1135 1672 aedes
1181 1629 1401 1673 Lucretiae
1448 1641 1575 1690 atque
1610 1631 1734 1672 vicini
1762 1638 1957 1687 peractus

432 1723 543 1767 erat,
571 1728 650 1771 per
678 1729 803 1772 quem
812 1744 829 1766 >
857 1713 1038 1772 pellibus
1071 1715 1114 1754 in
1149 1723 1368 1774 utrumque
1404 1716 1612 1773 parietem
1639 1715 1874 1773 porrectis,
1915 1715 1960 1754 in

427 1798 661 1849 fenestram
692 1796 946 1849 Lucretiae,
971 1795 1092 1838 haud
1121 1795 1302 1852 dffcilis
1328 1797 1620 1857 praebebatur
1638 1813 1847 1840 ascensus.
1873 1793 1962 1839 Sed

432 1880 513 1924 huc
556 1881 785 1926 ascendere
826 1882 963 1924 solum
1002 1894 1127 1926 noctu
1175 1882 1341 1926 licebat.
1379 1883 1582 1926 Menelao
1626 1881 1856 1942 petendum
1890 1897 1960 1924 rus

433 1977 552 2020 erat,
576 1967 717 2027 ibique
751 1967 1117 2027 pernoctandum,
1155 1971 1230 2028 qui
1259 1968 1347 2011 dies
1384 1968 1441 2010 ab
1477 1967 1720 2010 amantibus
1755 1978 1962 2027 tanquam

434 2049 781 2095 »saturnaliorum
825 2053 1147 2113 capectabatur.
1178 2053 1250 2096 Fit
1290 2069 1484 2096 recessus.
1532 2051 1712 2095 Mutatis
1760 2051 1961 2094 Eurialus

434 2136 614 2178 vestibus
646 2141 690 2179 iu
722 2137 901 2180 viculum
932 2155 975 2180 se
1009 2140 1174 2197 recepit.
1207 2135 1433 2180 Stabulum
1464 2136 1546 2179 illic
1568 2135 1794 2179 Menelaus
1826 2135 1960 2178 hahe-

436 2219 530 2273 bat,
559 2220 677 2280 quod
705 2221 906 2265 Eurialus
938 2221 1114 2265 docente
1141 2219 1267 2264 Sosia
1299 2223 1504 2281 ingressus
1525 2231 1603 2274 est,·
1624 2219 1764 2279 ibique
1795 2230 1962 2262 noctem

437 2320 613 2347 manens
646 2305 722 2347 sub
733 2309 862 2362 [ωηο
896 2306 1071 2350 latebat.
1094 2305 1204 2348 Tum
1220 2322 1313 2348 ecce
1339 2305 1522 2358 Dromo,
1547 2306 1621 2364 qui
1651 2315 1745 2347 erat
1769 2302 1963 2346 Menelai

437 2390 643 2434 secundus
656 2392 875 2448 fiun11lus‚
905 2395 1023 2452 equis
1041 2396 1326 2453 praepositus,
1353 2391 1595 2451 impleturus
1609 2391 1854 2449 praesepia,
1868 2391 1962 2444 foe-

438 2492 540 2517 num
570 2492 630 2519 ex
659 2475 827 2518 Euriali
856 2476 986 2519 latere
1026 2480 1220 2538 suscipit5
1253 2487 1426 2537 eratque
1465 2474 1647 2535 amplius
1679 2483 1962 2532 suscepturus,

437 2577 489 2603 ac
506 2560 728 2603 Eurialum
742 2564 879 2618 furca
907 2579 1196 2621 percussurus,
1221 2565 1303 2606 nisi
1332 2560 1476 2605 Sosius
1502 2559 1670 2603 obviam
1681 2560 1850 2616 suisset.
1876 2555 1965 2614 Qui

440 2656 484 2686 ut
500 2645 722 2689 discrimen
752 2650 948 2707 agnovit:
980 2647 1053 2689 Da
1085 2648 1188 2690 milti
1211 2648 1322 2690 lianc
1354 2662 1547 2707 operam,
1572 2647 1651 2698 ait,
1666 2645 1815 2700 fimet·
1837 2642 1961 2684 bone.

442 2727 532 2785 Ego
548 2731 756 2788 pabulum
773 2735 891 2792 equis
909 2731 1151 2792 pracl›ebo;
1182 2743 1226 2776 tu
1241 2734 1402 2778 interea
1417 2729 1500 2774 illic
1517 2728 1600 2774 loci
1629 2727 1720 2773 vide
1751 2743 1811 2770 an
1841 2725 1963 2768 nobis
