2023 3091
515 133 597 188 ¹¹4

379 215 541 276 spolia:
566 216 825 277 proditiones
856 211 1000 252 alium.
1030 209 1117 253 Hic
1146 210 1355 270 beneficiis
1385 210 1543 255 dicatus
1574 224 1654 266 est,
1682 214 1753 258 ille
1783 214 1895 257 adu-

377 298 626 355 lationibus,-
651 301 744 342 huic
769 294 980 338 adulteria
1005 293 1165 337 luctum
1181 295 1416 354 praebent,·
1441 295 1657 339 nonnullis
1677 298 1900 341 mendacia

374 396 562 443 prosunt,
599 379 785 438 Quidam
814 378 992 434 faciunt
1032 394 1093 421 ex
1135 381 1313 440 conjuge
1355 390 1594 439 quaestum,
1638 379 1812 440 quidam
1841 398 1900 424 ex

377 472 500 511 natis.
530 465 762 523 Plerosque
794 460 1025 504 homicidia
1046 463 1214 522 juvant.
1245 462 1387 505 Rarus
1419 474 1481 505 est
1503 465 1579 524 qui
1598 465 1712 524 juste
1737 461 1900 506 divitias

376 557 601 609 congreget.
627 546 768 590 Nemo
798 547 974 603 fizscem
1005 546 1195 606 amplum
1222 548 1360 603 facit,
1397 549 1480 590 nisi
1506 549 1582 608 qui
1609 563 1756 590 omnes
1786 550 1903 591 metit

374 633 538 677 herhas.
570 629 836 691 Congregant
858 630 1049 673 homines
1074 630 1241 674 divitias
1267 631 1442 684 multas,
1472 647 1548 674 nec
1567 629 1678 674 unde
1711 633 1903 683 veniant,

373 715 448 759 sed
474 730 605 775 quam
621 714 778 758 multae
810 716 982 758 veniant
1003 725 1226 774 quaerunt.
1255 713 1462 757 Omnibus
1489 713 1554 757 hic
1578 729 1718 757 versus
1747 713 1902 774 placet:

374 797 494 844 Unde
534 798 687 841 habeas
729 800 890 859 quaerit
936 814 1084 856 nemo,
1128 797 1200 841 sed
1245 806 1410 858 oportet
1456 798 1620 841 habere.
1663 797 1903 859 Postquam

371 899 466 926 vero
495 882 627 942 plena
657 892 719 925 est
744 897 868 935 arca,
899 893 987 924 tum
1014 882 1214 925 nobilitas
1243 885 1447 942 poscitur,
1472 899 1584 941 quae
1618 884 1676 924 sic
1707 885 1904 942 quaesita

372 967 433 1010 nil
461 979 523 1010 est
552 966 673 1010 aliud
702 982 834 1027 quam
862 968 1101 1024 praemium
1132 969 1378 1027 iniquitatis.
1413 967 1606 1026 flIajores
1637 969 1721 1008 mei
1739 965 1903 1008 nobiles

372 1051 509 1094 habiti
529 1063 627 1094 sunt
640 1083 657 1104 ,
684 1048 762 1092 sed
787 1048 887 1091 nolo
927 1047 1031 1090 mihi
1060 1047 1276 1091 blandit-i:
1307 1065 1393 1092 non
1413 1061 1516 1108 puto
1550 1049 1742 1092 meliores
1758 1051 1901 1106 fuisse

370 1151 552 1193 proavos
590 1151 705 1178 meos
735 1134 862 1187 aliis,
901 1149 1007 1193 quos
1037 1132 1130 1175 sola
1171 1144 1352 1175 excusat
1391 1135 1642 1193 antiquitas,
1674 1137 1776 1194 quia
1813 1150 1901 1176 non

373 1230 470 1261 sunt
493 1222 537 1261 in
562 1220 765 1261 memoria
787 1233 933 1260 eorum
965 1219 1077 1259 vitia.
1111 1215 1218 1258 Mea
1249 1219 1457 1259 sentencia
1488 1232 1613 1259 nemo
1645 1229 1708 1260 est
1729 1218 1902 1270 nobilis,

373 1306 455 1346 nisi
498 1306 656 1346 virtutis
688 1314 870 1346 amator.
911 1302 1017 1345 Non
1049 1304 1179 1344 miror
1208 1317 1363 1344 aureas
1395 1312 1545 1354 vestes,
1575 1317 1723 1362 equos,
1754 1318 1902 1356 canes,

373 1387 564 1430 ordinem
591 1387 882 1443 famulorum,
913 1385 1053 1428 [uictas
1085 1401 1272 1439 mensas,
1297 1401 1558 1428 marmoreas
1595 1385 1742 1438 aedes,
1763 1385 1901 1440 villas,

369 1470 569 1532 praedia,
596 1473 801 1531 piscinas,
833 1470 1054 1524 viridaria,
1084 1470 1223 1512 silvas.
1246 1470 1365 1512 Nam
1391 1482 1432 1513 et
1451 1471 1557 1513 llaec
1579 1474 1727 1513 omnia
1751 1471 1899 1514 stultus
1955 1505 1964 1515 .

372 1559 542 1617 assequi
559 1566 716 1615 polest,
746 1571 872 1615 quem
892 1558 929 1597 si
958 1558 1050 1614 quis
1082 1554 1271 1597 nobilem
1301 1554 1478 1608 dixerit,
1508 1558 1596 1614 ipse
1629 1554 1709 1613 siet
1737 1555 1897 1598 stultus.

374 1641 600 1686 Pandalus
630 1653 772 1684 noster
803 1641 1012 1685 lenocinio
1044 1641 1294 1684 nobilitatus
1325 1653 1397 1683 est.

429 1894 535 1939 Non
565 1893 704 1938 multis
730 1904 831 1955 post
849 1892 997 1938 diebus
1019 1897 1108 1937 ruri
1136 1897 1246 1937 inter
1270 1893 1466 1937 Blenelai
1496 1899 1670 1939 rusticos
1702 1898 1896 1938 rixatum

371 1990 453 2035 περ
479 1990 522 2022 et
550 1980 676 2023 occisi
705 1978 901 2022 nonnulli
928 1981 1004 2039 qui
1029 1977 1126 2038 plus
1156 1993 1294 2038 aequo
1334 1978 1542 2022 biberant.
1580 1980 1782 2040 Opusque
1803 1981 1899 2034 fuit

372 2063 434 2106 ad
461 2079 527 2107 res
557 2061 873 2123 componendas
905 2061 1155 2105 Menelaum
1182 2061 1401 2123 proficisci.
1438 2063 1482 2104 T
1479 2080 1549 2105 um
1579 2063 1804 2106 Lucretia:
1828 2063 1899 2105 Mi

373 2149 451 2202 vir,
479 2149 632 2208 inquit,
658 2150 796 2206 gravis
825 2163 869 2190 es
901 2147 1026 2189 homo
1061 2146 1323 2205 debilisque:
1355 2149 1452 2206 equi
1481 2150 1542 2189 tui
1566 2150 1750 2207 graviter
1779 2149 1896 2189 ince-

371 2232 507 2288 dunt‚·
532 2247 664 2292 quare
678 2231 927 2291 gradarium
943 2232 1129 2292 aliquem
1145 2234 1280 2291 recipe
1297 2231 1621 2274 commodatum.
1636 2257 1693 2264 -
1709 2230 1895 2292 Cumque

370 2317 440 2361 ille
469 2327 814 2377 percunctaretur
829 2317 1006 2360 ubinam
1025 2328 1132 2361 esset
1147 2317 1312 2378 aliquis.
1342 2316 1577 2376 Optimum,
1606 2318 1740 2376 inquit
1771 2316 1896 2358 Pan-

370 2401 513 2456 dalus,
541 2404 623 2445 nisi
639 2401 798 2458 fallor,
829 2402 1030 2445 Eurialus
1064 2403 1229 2457 habet3
1259 2414 1301 2446 et
1332 2403 1408 2445 tibi
1445 2402 1579 2445 libens
1610 2400 1830 2453 concedet,
1859 2404 1897 2443 si

370 2504 436 2530 me
459 2490 518 2530 vis
536 2498 745 2547 μείονα-
754 2486 881 2541 Pete,
897 2491 1032 2548 inquit
1044 2488 1534 2547 [Menelaus—Rogatus
1550 2486 1770 2540 Eurialus,
1789 2502 1895 2528 mox

371 2587 524 2631 equum
550 2572 679 2630 jussit
714 2570 871 2613 adduci
879 2588 895 2625 ,-
941 2570 1067 2631 idque
1114 2573 1180 2614 sui
1217 2570 1368 2632 gaudii
1404 2573 1565 2630 signum
1608 2572 1765 2629 recepit
1781 2601 1798 2623 ,
1829 2586 1893 2612 se-

372 2672 546 2715 cumque
580 2657 704 2699 tacice
720 2655 833 2699 dixit
847 2673 862 2698 .·
881 2654 948 2698 Tu
979 2672 1119 2698 meum
1142 2672 1297 2716 equum
1318 2654 1538 2709 ascendes,
1569 2653 1798 2709 Blenelae5
1816 2670 1891 2714 ego

374 2749 490 2781 tuam
521 2756 699 2783 uxorem
731 2741 942 2801 equitabo.
966 2741 1616 2786 -Conveniameratutnoctis
1647 2739 1710 2783 ad
1739 2740 1890 2784 horam
