2023 3091
546 172 622 226 188

416 263 599 302 amante
624 254 793 300 aleuno
818 251 852 296 il
877 248 1016 312 quale
1040 250 1192 312 presti
1210 248 1320 295 -loro
1346 247 1454 294 sede
1478 249 1666 313 quando
1691 250 1859 301 dieono
1883 255 1931 301 di

415 364 511 392 non
535 355 716 410 potere,
741 342 943 386 l'amore
969 355 995 384 a
1031 338 1108 385 ehi
1132 339 1271 386 vuole
1308 341 1630 387 somministra
1654 340 1782 389 mille
1807 347 1932 405 arti,

413 435 542 482 mille
568 431 777 496 iuganni.
813 428 1003 476 L'amor
1039 429 1088 474 fa
1123 428 1210 476 ehe
1235 431 1349 492 ogni
1385 446 1494 476 cosa
1519 429 1715 478 difficile
1742 431 1931 482 diventa

413 526 704 582 facilissima‚
717 539 742 569 e
758 539 852 568 non
872 521 996 567 lassa
1014 520 1201 568 oeeulta
1214 520 1382 568 alcuna
1396 524 1591 581 astuzia‚
1605 524 1721 586 pero
1742 524 1767 571 ὲ
1787 523 1931 572 stolto

413 618 487 664 ehi
511 623 682 678 troppo
707 614 748 660 si
772 612 896 659 lassa
921 611 1160 660 eondurre
1186 613 1236 658 in
1259 611 1419 676 longo.
1443 613 1514 659 La
1550 599 1767 678 maggior
1797 621 1933 678 parte

411 709 450 754 si
476 704 663 770 godeno
688 703 817 769 degli
841 704 986 750 strazi
1011 701 1081 750 de'
1096 704 1259 750 miseri
1279 710 1326 750 et
1345 705 1522 750 incauti
1541 706 1733 766 amanti3
1757 723 1782 752 e
1802 713 1934 753 tanto

409 799 787 861 maggiormente
823 796 865 842 si
894 794 1123 842 dilettano
1160 802 1338 859 quanto
1374 795 1455 858 pih
1485 794 1553 859 gli
1585 813 1804 861 veggono
1841 805 1934 843 tor·

409 891 649 937 mentarsi.
673 888 756 936 Ma
781 887 858 934 ehi
880 887 941 933 ha
964 887 1009 932 la
1033 887 1220 934 volonta
1245 895 1418 951 pronta
1445 905 1493 933 sa
1518 887 1638 935 bene
1673 888 1748 935 eol
1773 896 1932 953 tempo

410 989 600 1029 trovare
624 979 708 1043 pih
742 980 814 1025 vie
846 995 870 1024 e
895 976 1039 1035 modi,
1063 994 1092 1023 o
1116 977 1328 1024 almaneo
1352 978 1564 1043 pigliano
1595 977 1643 1025 di
1673 979 1821 1044 quelli
1845 980 1932 1027 ehe

408 1089 524 1119 sono
548 1073 718 1118 mostri
742 1070 874 1129 loro,
900 1086 1030 1116 eome
1062 1067 1382 1115 chiaramonte
1414 1087 1464 1116 se
1497 1088 1554 1117 ne
1591 1069 1704 1117 vede
1736 1071 1781 1117 la
1805 1089 1935 1135 espe-

406 1164 586 1210 rienzia
610 1164 660 1208 in
682 1161 944 1217 Luerezia‚
969 1158 1014 1204 la
1039 1157 1177 1223 quale
1203 1159 1361 1222 spInta
1385 1157 1492 1204 dall’
1503 1176 1660 1207 amore
1677 1195 1692 1220 ,
1719 1161 1931 1209 delibero

407 1261 593 1301 tentare
620 1252 654 1298 il
679 1250 818 1299 modo
843 1251 928 1298 ehe
955 1249 998 1295 al
1024 1256 1247 1312 presente
1273 1248 1553 1295 intenderai.

472 1345 610 1391 Avea
630 1343 865 1388 Luerezia
887 1358 953 1386 un
978 1356 1065 1386 suo
1089 1337 1283 1386 fratello
1309 1355 1405 1385 non
1429 1338 1664 1402 legittimo
1679 1372 1693 1399 ‚
1719 1340 1763 1386 al
1788 1341 1929 1406 quale

409 1434 486 1498 gia
510 1435 551 1480 si
576 1449 657 1480 era
681 1439 878 1496 aperta,
914 1448 939 1477 e
974 1429 1191 1494 fidatogli
1227 1436 1350 1476 tutte
1392 1428 1436 1476 le
1473 1428 1644 1477 lettere
1681 1430 1767 1478 ehe
1792 1449 1933 1479 aveva

409 1526 576 1570 seritte
601 1541 626 1568 a
650 1521 872 1580 Eurialo‚
897 1519 932 1566 il
956 1519 1131 1584 perche
1168 1519 1338 1565 ordino
1371 1535 1460 1564 eon
1491 1518 1558 1565 lui
1583 1520 1668 1566 che
1694 1531 1934 1568 naseosta-

408 1623 567 1662 mente
581 1616 621 1661 si
635 1614 848 1661 mettessi
867 1611 1067 1659 Eurialo
1088 1612 1137 1656 in
1157 1627 1263 1657 easa
1283 1608 1407 1656 della
1421 1609 1600 1670 madre,
1620 1628 1710 1658 eon
1730 1612 1774 1657 la
1793 1613 1932 1677 quale

409 1723 516 1753 esso
541 1704 738 1763 abitava‚
764 1702 912 1751 sendo
947 1719 1032 1749 sua
1067 1702 1317 1764 matrigna.
1343 1699 1483 1747 Onde
1520 1718 1602 1748 era
1631 1701 1739 1748 dato
1763 1702 1932 1750 ordine

408 1796 494 1843 ehe
519 1794 719 1845 Eurialo
744 1794 950 1840 entrassi
975 1794 1024 1837 in
1049 1798 1217 1855 questa
1241 1806 1349 1837 easa
1366 1807 1461 1836 una
1481 1790 1720 1838 dominica
1745 1791 1803 1838 da
1822 1802 1933 1840 mat-

408 1888 509 1933 tina
532 1886 691 1932 avanti
715 1884 905 1949 glorno,
930 1900 954 1929 e
979 1881 1064 1929 ehe
1084 1882 1317 1928 Luerezia
1334 1879 1560 1945 fingendo
1579 1881 1754 1929 andare
1778 1899 1804 1929 a
1823 1885 1935 1931 visi-

409 1984 510 2023 tare
535 1975 580 2021 la
604 1973 784 2034 madre,
808 1990 939 2021 eome
966 1989 1128 2037 spesse
1153 1970 1276 2019 volte
1295 1970 1443 2030 facea,
1463 1970 1776 2036 s'indugiasse
1802 1980 1934 2021 tanto

410 2067 496 2115 ehe
521 2067 583 2115 lei
608 2067 741 2114 fusse
764 2068 831 2113 ita
855 2066 984 2113 suori
1005 2082 1030 2110 a
1050 2064 1186 2112 udire
1210 2080 1380 2122 messa,
1406 2081 1430 2110 e
1456 2081 1551 2110 non
1570 2063 1614 2110 la
1633 2063 1860 2112 trovando
1884 2067 1934 2112 in

411 2175 518 2205 casa
542 2166 798 2205 mostrasse
825 2155 1150 2220 d'aspettarla‚
1181 2162 1228 2202 et
1252 2156 1301 2200 in
1327 2153 1438 2218 quel
1462 2171 1620 2201 mezzo
1645 2157 1685 2201 si
1710 2153 1933 2202 domesti-

411 2266 542 2296 casse
568 2248 642 2296 eol
672 2267 758 2296 suo
783 2266 893 2296 earo
919 2255 1103 2294 amante
1123 2279 1138 2306 ,
1163 2264 1186 2293 e
1224 2263 1313 2292 eon
1336 2244 1404 2291 lui
1441 2262 1741 2308 assaporasse
1768 2248 1782 2292 ἰ
1808 2245 1933 2294 dolei

410 2342 536 2404 pomi
551 2340 856 2405 lungamente
877 2338 1147 2386 desiderati.
1167 2337 1305 2384 Mala
1320 2337 1514 2384 fortuna
1533 2336 1761 2383 invidiosa
1781 2356 1932 2402 ruppe

411 2438 580 2495 questo
604 2430 676 2477 lor
702 2429 918 2493 disegno,
944 2428 1117 2492 pereh‘e
1144 2427 1188 2473 la
1214 2428 1411 2473 mattina
1436 2426 1521 2473 che
1552 2444 1632 2473 era
1657 2426 1881 2490 deputata
1905 2444 1932 2473 a

411 2529 577 2585 queste
603 2520 869 2568 desiderate
896 2537 1068 2578 nome,
1098 2519 1143 2565 la
1167 2517 1329 2565 madre
1355 2516 1402 2562 di
1427 2518 1657 2564 Luerezia
1690 2535 1783 2564 non
1809 2517 1931 2565 ando

410 2613 539 2660 fuori
564 2611 838 2659 sentendosi
863 2611 910 2657 di
930 2612 1050 2657 mala
1071 2610 1242 2674 voglia.
1262 2610 1319 2656 In
1341 2616 1509 2673 questo
1528 2607 1666 2655 modo
1694 2608 1726 2654 il
1753 2626 1930 2672 povero

412 2712 597 2750 amante
636 2704 722 2751 ehe
761 2721 870 2750 avea
909 2703 1124 2766 aguzzati
1157 2703 1173 2747 i
1210 2700 1339 2747 denti
1377 2718 1400 2746 e
1438 2698 1685 2764 digiunato
1720 2699 1931 2764 alquanti

411 2794 569 2855 giorni
595 2813 680 2858 per
710 2802 847 2859 poter
878 2793 1052 2858 meglio
1084 2800 1278 2857 gustare
1316 2793 1331 2837 i
1367 2789 1460 2836 cibi
1491 2789 1616 2837 dello
1647 2797 1880 2854 aspettato
1905 2806 1929 2834 e
