2023 3091
496 165 574 194 100

425 233 597 278 Aderat
626 234 732 277 hora
761 232 1023 293 praescripta
1034 243 1051 282 ‚·
1082 227 1216 270 laetus
1242 227 1466 281 Eur-iales,
1497 236 1686 290 quaem-is
1717 234 1880 277 duobus

361 323 604 378 perfunctus
633 313 964 366 discriminibus,
995 327 1160 355 murum
1191 313 1394 356 ascendit.
1427 313 1508 358 Ad
1539 327 1730 374 apertam
1748 321 1881 374 jene-

364 415 495 447 stram
525 404 741 447 suhintrat.
773 397 1015 440 Lucretiam
1039 401 1174 458 juxta
1187 401 1388 458 foculum
1412 398 1624 443 sedentem
1638 405 1881 463 paratisque

364 487 571 547 obsequiis
603 492 900 541 expectantem
930 485 1096 542 reperit.
1131 483 1220 527 Illa
1260 496 1305 526 ut
1335 496 1551 528 amantem
1581 488 1782 544 agnovit,
1810 502 1885 529 as-

363 587 529 630 surgens
559 565 742 609 medium
761 566 990 625 complexa
1016 578 1089 610 est.
1123 567 1255 611 Fiunt
1273 568 1518 612 blanditiae.
1538 568 1711 611 Dantur
1725 569 1885 612 oscula.

361 654 457 697 Itur
485 656 526 693 in
553 649 764 694 Venerem
781 654 906 694 tensis
929 651 1047 705 velis,
1062 654 1317 713 fissamque
1338 655 1503 713 navigio
1524 653 1751 711 Cytheram
1771 670 1882 696 nune

363 737 481 781 Ceres
512 734 657 793 reficit,
693 753 805 779 nunc
821 735 1030 779 Bacchus.
1065 736 1166 780 Heu
1195 754 1324 798 quam
1342 738 1484 781 breves
1515 738 1751 797 voluptates
1768 748 1884 790 sunt,

358 837 487 881 quam
511 819 661 880 longae
695 820 1030 864 sollicitudines!
1072 821 1116 866 V
1117 825 1167 865 ix
1198 823 1349 864 lzoram
1382 822 1581 864 Eurialus
1614 823 1772 865 laetam
1803 823 1882 864 lia-

359 905 532 960 bueratj
566 922 662 948 eum
690 921 786 948 ecce
819 905 1005 959 Sosiam,
1035 910 1109 967 qui
1141 907 1318 950 reditum
1355 908 1550 950 splenelai
1579 911 1747 951 nuntiat
1773 925 1884 967 gau-

356 989 553 1050 diumque
565 991 801 1050 perturbat.
823 991 962 1034 Timet
978 991 1351 1053 Eurialus,fugere
1373 994 1522 1036 studet.
1542 977 1755 1050 Lucretia,
1772 1010 1885 1036 men-

357 1077 411 1117 sis
434 1074 711 1128 absconditis,
735 1075 906 1118 obviam
927 1078 1013 1117 viro
1035 1079 1171 1135 pergit
1201 1092 1491 1136 reversumque
1517 1077 1690 1118 salutat.
1728 1075 1806 1129 Ec,
1843 1075 1883 1119 0

358 1161 418 1200 mi
434 1161 512 1211 vir,
542 1162 694 1218 inquit,
723 1175 855 1218 quam
886 1159 992 1202 bene
1018 1158 1175 1202 redisti.
1192 1158 1311 1201 Nam
1328 1176 1400 1218 ego
1435 1172 1472 1202 te
1494 1163 1592 1219 jam
1613 1161 1795 1203 villicum
1817 1176 1885 1202 ru-

355 1245 601 1287 sticaturum
621 1244 760 1287 rebar.
782 1243 900 1301 Quid
915 1255 959 1287 tu
977 1257 1120 1288 tamen
1137 1247 1225 1287 ruri
1245 1256 1332 1286 tam
1359 1243 1465 1286 diu?
1487 1243 1598 1286 Cave
1625 1261 1677 1287 ne
1699 1244 1803 1303 quid
1821 1245 1885 1286 ol-

349 1329 527 1381 faciam.
560 1328 647 1372 Cur
664 1345 752 1371 non
782 1329 901 1372 domi
915 1331 1093 1373 manes?
1130 1329 1250 1386 Quid
1274 1346 1339 1371 me
1361 1331 1602 1372 contristari
1632 1340 1706 1371 tua
1727 1329 1885 1372 absen-

357 1414 418 1455 tia
437 1411 609 1456 studes?
630 1412 807 1473 Semper
836 1414 938 1456 dum
958 1415 1080 1467 abes,
1105 1418 1229 1458 timeo
1263 1415 1350 1457 tibi.
1387 1414 1454 1456 Tu
1484 1431 1536 1457 ne
1569 1430 1698 1474 quam
1729 1412 1883 1457 ardeas

336 1496 534 1552 fhrmiclo
546 1530 562 1551 ,
593 1509 638 1540 ut
667 1510 765 1541 sunt
795 1498 915 1557 infidi
937 1500 1142 1542 uxoribus
1166 1502 1248 1541 suis
1282 1498 1369 1542 viriss
1401 1498 1496 1555 Quo
1525 1510 1636 1540 metu
1662 1501 1699 1540 si
1734 1501 1792 1541 wis
1818 1515 1883 1540 me

354 1580 532 1636 solvere,
551 1598 771 1642 nunquam
787 1584 905 1637 foris
931 1581 1131 1624 dormias.
1149 1582 1242 1624 Nee
1260 1586 1371 1625 enim
1401 1585 1490 1624 sine
1510 1593 1547 1624 te
1569 1598 1662 1624 nox
1693 1593 1755 1625 est
1783 1582 1884 1624 milu'

356 1664 445 1708 ulla
465 1665 674 1727 jucunda.
707 1665 796 1710 Sed
809 1683 943 1710 coena
975 1667 1041 1710 hic
1064 1670 1184 1726 jam:
1211 1678 1309 1726 post
1334 1666 1535 1709 cubatum
1567 1667 1730 1709 ibimus.
1764 1692 1823 1699 —

414 1834 554 1879 Erant
570 1848 659 1879 tum
678 1839 722 1879 in
738 1836 842 1880 aula
859 1837 932 1880 ubi
930 1836 1110 1895 familia
1124 1836 1338 1897 prandere
1354 1837 1477 1890 solet,
1493 1836 1634 1896 ibique
1662 1838 1794 1880 virum
1809 1835 1884 1880 de-

357 1924 486 1965 tinere
501 1921 699 1965 Lucretia
722 1922 954 1976 nitebatur,
967 1922 1100 1965 donec
1118 1921 1317 1965 Eurialus
1333 1921 1522 1964 abeundi
1536 1924 1719 1982 spatium
1740 1938 1883 1965 susce-

355 2009 502 2065 pisset,
517 2011 584 2050 cui
596 2011 834 2051 necessaria
849 2020 941 2051 erat
957 2008 1122 2050 morula
1140 2007 1366 2068 quaedam.
1381 2006 1607 2049 BIenelaus
1624 2018 1766 2049 autem
1766 2008 1882 2061 soris

357 2102 558 2133 coenatus
572 2103 681 2145 erat,
696 2109 821 2153 seque
838 2096 882 2134 in
899 2092 1135 2135 thalamum
1149 2096 1336 2151 recipere
1337 2090 1586 2147 festinabat.
1607 2089 1716 2131 Tum
1730 2089 1881 2132 Lucre-

359 2175 434 2216 tia:
450 2173 615 2217 Parum
630 2194 694 2220 me
712 2194 852 2231 amas,
868 2180 1003 2238 inquit
1009 2195 1024 2232 ,·
1041 2193 1116 2219 cur
1129 2193 1216 2219 non·
1229 2178 1368 2235 potius
1385 2174 1502 2216 domi
1516 2174 1635 2234 apud
1648 2191 1712 2216 me
1731 2190 1883 2217 coena-

356 2260 439 2301 sti?
454 2257 564 2319 Ego„
588 2264 689 2320 quia
721 2274 764 2304 tu
797 2262 970 2316 aberas,
992 2279 1067 2305 nec
1085 2261 1248 2305 comedi
1279 2260 1403 2304 hodie
1426 2277 1501 2303 nec
1526 2260 1615 2302 bibi
1635 2261 1878 2319 quicquam.

360 2343 582 2387 Venerunt
605 2355 747 2387 tamen
779 2348 903 2389 villici
932 2364 992 2390 ex
1014 2347 1209 2399 Rosalia,
1238 2349 1376 2389 nescio
1402 2344 1506 2405 quid
1529 2347 1614 2387 vini
1641 2355 1878 2403 portantes,·

356 2431 558 2488 optimum
588 2445 675 2473 esse
697 2430 901 2481 fhrebunt
941 2431 1213 2474 Trebianum.
1261 2430 1350 2490 Ego
1382 2446 1489 2490 prae
1522 2431 1731 2472 maestitia
1774 2426 1881 2469 nihil

351 2517 526 2574 gustavi.
560 2514 687 2557 qunc
717 2531 846 2575 quum
878 2514 979 2557 ades
989 2548 1006 2569 9
1050 2533 1194 2559 eamus
1241 2519 1278 2557 si
1318 2515 1463 2574 placet
1494 2517 1537 2557 in
1568 2513 1783 2557 cellarium
1814 2515 1878 2554 in-

356 2608 553 2652 trorsum,
577 2610 868 2660 gustemusque
901 2602 1059 2653 vinum,
1089 2603 1142 2653 si,
1157 2612 1201 2643 ut
1217 2599 1279 2642 illi
1308 2599 1530 2652 daz-erunt,
1561 2610 1648 2640 tam
1679 2598 1878 2639 suavissi-

357 2700 468 2726 mum
485 2685 776 2744 sie—Hisque
790 2684 927 2738 dictis,
943 2685 1184 2727 lanternam
1197 2685 1399 2739 dextera,
1415 2687 1545 2727 virum
1560 2685 1728 2726 sinistra
1744 2698 1875 2724 manu

365 2770 547 2825 recepit5
593 2780 634 2811 et
679 2772 722 2811 in
765 2768 950 2824 infimum
992 2786 1106 2827 penu
1150 2768 1396 2822 descendit,
1436 2780 1604 2827 tamque
1644 2766 1717 2809 diu
1760 2781 1871 2809 nunc
