<?xml version="1.0" encoding="UTF-8"?>
<!DOCTYPE html PUBLIC "-//W3C//DTD XHTML 1.0 Transitional//EN"
    "http://www.w3.org/TR/xhtml1/DTD/xhtml1-transitional.dtd">
<html xmlns="http://www.w3.org/1999/xhtml" xml:lang="en" lang="en">
 <head>
  <title>
</title>
<meta http-equiv="Content-Type" content="text/html;charset=utf-8" />
  <meta name='ocr-system' content='tesseract 3.04.00' />
  <meta name='ocr-capabilities' content='ocr_page ocr_carea ocr_par ocr_line ocrx_word'/>
</head>
<body>
  <div class='ocr_page' id='page_1' title='image "./storiadidueamant00piusuoft_0156.png"; bbox 0 0 2023 3091; ppageno 0'>
   <div class='ocr_carea' id='block_1_1' title="bbox 506 119 587 162">
    <p class='ocr_par' dir='ltr' id='par_1_1' title="bbox 506 119 587 162">
     <span class='ocr_line' id='line_1_1' title="bbox 506 119 587 162; baseline 0 0"><span class='ocrx_word' id='word_1_1' title='bbox 506 119 587 162; x_wconf 86' lang='lat'><em>126</em></span> 
     </span>
    </p>
   </div>
   <div class='ocr_carea' id='block_1_2' title="bbox 354 199 1900 1282">
    <p class='ocr_par' dir='ltr' id='par_1_2' title="bbox 354 199 1900 1282">
     <span class='ocr_line' id='line_1_2' title="bbox 374 199 1895 253; baseline 0.005 -7"><span class='ocrx_word' id='word_1_2' title='bbox 374 206 548 247; x_wconf 82' lang='lat' dir='ltr'><em>crucias.</em></span> <span class='ocrx_word' id='word_1_3' title='bbox 581 203 675 247; x_wconf 86' lang='lat' dir='ltr'><em>Nec</em></span> <span class='ocrx_word' id='word_1_4' title='bbox 702 203 863 247; x_wconf 82' lang='lat' dir='ltr'><em>Caesar</em></span> <span class='ocrx_word' id='word_1_5' title='bbox 876 203 933 243; x_wconf 81' lang='lat' dir='ltr'><em>sic</em></span> <span class='ocrx_word' id='word_1_6' title='bbox 964 199 1130 245; x_wconf 79' lang='lat' dir='ltr'><strong><em>recedet</em></strong></span> <span class='ocrx_word' id='word_1_7' title='bbox 1151 213 1198 245; x_wconf 86' lang='lat' dir='ltr'><em>ut</em></span> <span class='ocrx_word' id='word_1_8' title='bbox 1226 218 1314 246; x_wconf 87' lang='lat' dir='ltr'><em>non</em></span> <span class='ocrx_word' id='word_1_9' title='bbox 1336 205 1388 246; x_wconf 85' lang='lat' dir='ltr'><em>sit</em></span> <span class='ocrx_word' id='word_1_10' title='bbox 1412 218 1661 249; x_wconf 84' lang='lat' dir='ltr'><em>reversurus.</em></span> <span class='ocrx_word' id='word_1_11' title='bbox 1693 206 1769 252; x_wconf 78' lang='lat' dir='ltr'><em>Ex</em></span> <span class='ocrx_word' id='word_1_12' title='bbox 1793 210 1895 253; x_wconf 83' lang='lat' dir='ltr'><em>urbe</em></span> 
     </span>
     <span class='ocr_line' id='line_1_3' title="bbox 371 285 1898 351; baseline 0.001 -20"><span class='ocrx_word' id='word_1_13' title='bbox 371 299 598 351; x_wconf 83' lang='lat' dir='ltr'><em>postquam</em></span> <span class='ocrx_word' id='word_1_14' title='bbox 629 288 925 340; x_wconf 75' lang='lat' dir='ltr'><em>revenerimuS,</em></span> <span class='ocrx_word' id='word_1_15' title='bbox 951 285 1033 329; x_wconf 80' lang='lat' dir='ltr'><em>hac</em></span> <span class='ocrx_word' id='word_1_16' title='bbox 1055 288 1134 330; x_wconf 87' lang='lat' dir='ltr'><em>iter</em></span> <span class='ocrx_word' id='word_1_17' title='bbox 1156 298 1219 331; x_wconf 85' lang='lat' dir='ltr'><em>est</em></span> <span class='ocrx_word' id='word_1_18' title='bbox 1249 288 1372 331; x_wconf 84' lang='lat' dir='ltr'><em>nobis</em></span> <span class='ocrx_word' id='word_1_19' title='bbox 1401 290 1446 331; x_wconf 84' lang='lat' dir='ltr'><em>in</em></span> <span class='ocrx_word' id='word_1_20' title='bbox 1472 292 1671 348; x_wconf 87' lang='lat' dir='ltr'><em>patriam.</em></span> <span class='ocrx_word' id='word_1_21' title='bbox 1706 290 1835 348; x_wconf 84' lang='lat' dir='ltr'><em>Quod</em></span> <span class='ocrx_word' id='word_1_22' title='bbox 1861 297 1898 337; x_wconf 78' lang='lat' dir='ltr'><em>si</em></span> 
     </span>
     <span class='ocr_line' id='line_1_4' title="bbox 374 371 1896 427; baseline 0.001 -9"><span class='ocrx_word' id='word_1_23' title='bbox 374 376 536 418; x_wconf 88' lang='lat' dir='ltr'><em>Caesar</em></span> <span class='ocrx_word' id='word_1_24' title='bbox 564 373 696 415; x_wconf 87' lang='lat' dir='ltr'><em>aliam</em></span> <span class='ocrx_word' id='word_1_25' title='bbox 735 371 847 412; x_wconf 84' lang='lat' dir='ltr'><em>viam</em></span> <span class='ocrx_word' id='word_1_26' title='bbox 862 373 1050 427; x_wconf 77' lang='lat' dir='ltr'><em>jecerit,</em></span> <span class='ocrx_word' id='word_1_27' title='bbox 1079 389 1145 417; x_wconf 91' lang='lat' dir='ltr'><em>me</em></span> <span class='ocrx_word' id='word_1_28' title='bbox 1177 384 1286 416; x_wconf 88' lang='lat' dir='ltr'><em>certe</em></span> <span class='ocrx_word' id='word_1_29' title='bbox 1317 375 1356 416; x_wconf 89' lang='lat' dir='ltr'><em>si</em></span> <span class='ocrx_word' id='word_1_30' title='bbox 1384 375 1531 418; x_wconf 79' lang='lat' dir='ltr'><em>vixero</em></span> <span class='ocrx_word' id='word_1_31' title='bbox 1563 373 1698 419; x_wconf 86' lang='lat' dir='ltr'><em>redire</em></span> <span class='ocrx_word' id='word_1_32' title='bbox 1729 376 1896 422; x_wconf 80' lang='lat' dir='ltr'><em>videbis.</em></span> 
     </span>
     <span class='ocr_line' id='line_1_5' title="bbox 373 454 1899 520; baseline 0.003 -19"><span class='ocrx_word' id='word_1_33' title='bbox 373 458 620 518; x_wconf 80' lang='lat' dir='ltr'><em>Negemque</em></span> <span class='ocrx_word' id='word_1_34' title='bbox 653 454 757 497; x_wconf 76' lang='lat' dir='ltr'><em>mihi</em></span> <span class='ocrx_word' id='word_1_35' title='bbox 785 457 929 515; x_wconf 86' lang='lat' dir='ltr'><em>superi</em></span> <span class='ocrx_word' id='word_1_36' title='bbox 966 458 1010 499; x_wconf 89' lang='lat' dir='ltr'><em>in</em></span> <span class='ocrx_word' id='word_1_37' title='bbox 1037 459 1228 516; x_wconf 87' lang='lat' dir='ltr'><em>patriam</em></span> <span class='ocrx_word' id='word_1_38' title='bbox 1259 457 1459 513; x_wconf 83' lang='lat' dir='ltr'><em>reditum,</em></span> <span class='ocrx_word' id='word_1_39' title='bbox 1488 458 1813 520; x_wconf 85' lang='lat' dir='ltr'><em>errabundoque</em></span> <span class='ocrx_word' id='word_1_40' title='bbox 1843 465 1899 505; x_wconf 86' lang='lat' dir='ltr'><em>si-</em></span> 
     </span>
     <span class='ocr_line' id='line_1_6' title="bbox 371 538 1899 603; baseline 0.002 -19"><span class='ocrx_word' id='word_1_41' title='bbox 371 542 511 584; x_wconf 85' lang='lat' dir='ltr'><em>milem</em></span> <span class='ocrx_word' id='word_1_42' title='bbox 536 538 720 581; x_wconf 82' lang='lat' dir='ltr'><em>reddant</em></span> <span class='ocrx_word' id='word_1_43' title='bbox 744 539 882 593; x_wconf 75' lang='lat' dir='ltr'><em>Ulixi,</em></span> <span class='ocrx_word' id='word_1_44' title='bbox 898 542 980 583; x_wconf 85' lang='lat' dir='ltr'><em>nisi</em></span> <span class='ocrx_word' id='word_1_45' title='bbox 1010 541 1091 584; x_wconf 77' lang='lat' dir='ltr'><em>huc</em></span> <span class='ocrx_word' id='word_1_46' title='bbox 1116 552 1314 585; x_wconf 81' lang='lat' dir='ltr'><em>revertar.</em></span> <span class='ocrx_word' id='word_1_47' title='bbox 1340 540 1523 603; x_wconf 83' lang='lat' dir='ltr'><em>Respira</em></span> <span class='ocrx_word' id='word_1_48' title='bbox 1540 560 1654 603; x_wconf 81' lang='lat' dir='ltr'><em>ergo,</em></span> <span class='ocrx_word' id='word_1_49' title='bbox 1670 547 1728 586; x_wconf 90' lang='lat' dir='ltr'><em>mi</em></span> <span class='ocrx_word' id='word_1_50' title='bbox 1742 548 1899 601; x_wconf 86' lang='lat' dir='ltr'><em>anime,</em></span> 
     </span>
     <span class='ocr_line' id='line_1_7' title="bbox 371 624 1900 688; baseline 0.002 -20"><span class='ocrx_word' id='word_1_51' title='bbox 371 640 568 684; x_wconf 83' lang='lat' dir='ltr'><em>sumeque</em></span> <span class='ocrx_word' id='word_1_52' title='bbox 601 626 717 667; x_wconf 85' lang='lat' dir='ltr'><em>vires.</em></span> <span class='ocrx_word' id='word_1_53' title='bbox 750 624 859 668; x_wconf 82' lang='lat' dir='ltr'><em>Noli</em></span> <span class='ocrx_word' id='word_1_54' title='bbox 878 637 917 669; x_wconf 86' lang='lat' dir='ltr'><em>te</em></span> <span class='ocrx_word' id='word_1_55' title='bbox 950 643 1186 681; x_wconf 88' lang='lat' dir='ltr'><em>macerare,</em></span> <span class='ocrx_word' id='word_1_56' title='bbox 1217 630 1319 688; x_wconf 83' lang='lat' dir='ltr'><em>quin</em></span> <span class='ocrx_word' id='word_1_57' title='bbox 1341 630 1427 671; x_wconf 90' lang='lat' dir='ltr'><em>vive</em></span> <span class='ocrx_word' id='word_1_58' title='bbox 1446 631 1585 688; x_wconf 88' lang='lat' dir='ltr'><em>potius</em></span> <span class='ocrx_word' id='word_1_59' title='bbox 1611 629 1738 672; x_wconf 85' lang='lat' dir='ltr'><em>laeta.</em></span> <span class='ocrx_word' id='word_1_60' title='bbox 1770 628 1900 686; x_wconf 79' lang='lat' dir='ltr'><em>Quod</em></span> 
     </span>
     <span class='ocr_line' id='line_1_8' title="bbox 367 708 1898 772; baseline 0.004 -22"><span class='ocrx_word' id='word_1_61' title='bbox 367 709 470 751; x_wconf 86' lang='lat' dir='ltr'><em>dicis</em></span> <span class='ocrx_word' id='word_1_62' title='bbox 485 708 539 751; x_wconf 89' lang='lat' dir='ltr'><em>de</em></span> <span class='ocrx_word' id='word_1_63' title='bbox 557 719 704 769; x_wconf 86' lang='lat' dir='ltr'><em>raptu,</em></span> <span class='ocrx_word' id='word_1_64' title='bbox 734 721 843 753; x_wconf 88' lang='lat' dir='ltr'><em>esset</em></span> <span class='ocrx_word' id='word_1_65' title='bbox 873 709 978 753; x_wconf 75' lang='lat' dir='ltr'><em>milti</em></span> <span class='ocrx_word' id='word_1_66' title='bbox 1000 722 1088 754; x_wconf 84' lang='lat' dir='ltr'><em>tum</em></span> <span class='ocrx_word' id='word_1_67' title='bbox 1104 723 1293 772; x_wconf 80' lang='lat' dir='ltr'><em>gratum,</em></span> <span class='ocrx_word' id='word_1_68' title='bbox 1314 723 1402 754; x_wconf 84' lang='lat' dir='ltr'><em>tum</em></span> <span class='ocrx_word' id='word_1_69' title='bbox 1421 712 1787 770; x_wconf 83' lang='lat' dir='ltr'><em>jucundissimum.</em></span> <span class='ocrx_word' id='word_1_70' title='bbox 1806 713 1898 757; x_wconf 89' lang='lat' dir='ltr'><em>Nec</em></span> 
     </span>
     <span class='ocr_line' id='line_1_9' title="bbox 365 793 1895 857; baseline 0.005 -23"><span class='ocrx_word' id='word_1_71' title='bbox 365 793 470 835; x_wconf 76' lang='lat' dir='ltr'><em>mihi</em></span> <span class='ocrx_word' id='word_1_72' title='bbox 496 796 637 854; x_wconf 85' lang='lat' dir='ltr'><em>major</em></span> <span class='ocrx_word' id='word_1_73' title='bbox 675 798 890 852; x_wconf 87' lang='lat' dir='ltr'><em>praestari</em></span> <span class='ocrx_word' id='word_1_74' title='bbox 930 795 1125 857; x_wconf 83' lang='lat' dir='ltr'><em>voluptas</em></span> <span class='ocrx_word' id='word_1_75' title='bbox 1154 808 1324 856; x_wconf 84' lang='lat' dir='ltr'><em>posset,</em></span> <span class='ocrx_word' id='word_1_76' title='bbox 1362 814 1493 857; x_wconf 84' lang='lat' dir='ltr'><em>quam</em></span> <span class='ocrx_word' id='word_1_77' title='bbox 1541 809 1579 841; x_wconf 89' lang='lat' dir='ltr'><em>te</em></span> <span class='ocrx_word' id='word_1_78' title='bbox 1611 814 1775 857; x_wconf 84' lang='lat' dir='ltr'><em>semper</em></span> <span class='ocrx_word' id='word_1_79' title='bbox 1805 815 1895 842; x_wconf 89' lang='lat' dir='ltr'><em>me-</em></span> 
     </span>
     <span class='ocr_line' id='line_1_10' title="bbox 365 879 1898 942; baseline 0.003 -21"><span class='ocrx_word' id='word_1_80' title='bbox 365 895 459 921; x_wconf 88' lang='lat' dir='ltr'><em>cum</em></span> <span class='ocrx_word' id='word_1_81' title='bbox 499 879 684 932; x_wconf 73' lang='lat' dir='ltr'><em>habere,</em></span> <span class='ocrx_word' id='word_1_82' title='bbox 729 895 782 922; x_wconf 86' lang='lat' dir='ltr'><em>ac</em></span> <span class='ocrx_word' id='word_1_83' title='bbox 825 895 918 923; x_wconf 87' lang='lat' dir='ltr'><em>meo</em></span> <span class='ocrx_word' id='word_1_84' title='bbox 964 897 1025 924; x_wconf 79' lang='lat' dir='ltr'><em>ex</em></span> <span class='ocrx_word' id='word_1_85' title='bbox 1073 882 1251 925; x_wconf 82' lang='lat' dir='ltr'><em>arbitrio</em></span> <span class='ocrx_word' id='word_1_86' title='bbox 1286 885 1428 942; x_wconf 84' lang='lat' dir='ltr'><em>potiri.</em></span> <span class='ocrx_word' id='word_1_87' title='bbox 1469 881 1558 926; x_wconf 82' lang='lat' dir='ltr'><em>Sed</em></span> <span class='ocrx_word' id='word_1_88' title='bbox 1595 883 1898 927; x_wconf 85' lang='lat' dir='ltr'><em>consulendum</em></span> 
     </span>
     <span class='ocr_line' id='line_1_11' title="bbox 364 964 1898 1028; baseline 0.004 -23"><span class='ocrx_word' id='word_1_89' title='bbox 364 974 428 1006; x_wconf 90' lang='lat' dir='ltr'><em>est</em></span> <span class='ocrx_word' id='word_1_90' title='bbox 456 966 590 1022; x_wconf 79' lang='lat' dir='ltr'><em>magis</em></span> <span class='ocrx_word' id='word_1_91' title='bbox 622 964 777 1006; x_wconf 73' lang='lat' dir='ltr'><em>honori</em></span> <span class='ocrx_word' id='word_1_92' title='bbox 814 974 888 1006; x_wconf 88' lang='lat' dir='ltr'><em>tuo</em></span> <span class='ocrx_word' id='word_1_93' title='bbox 928 972 1059 1023; x_wconf 85' lang='lat' dir='ltr'><em>quam</em></span> <span class='ocrx_word' id='word_1_94' title='bbox 1106 965 1330 1024; x_wconf 77' lang='lat' dir='ltr'><em>cupiditati</em></span> <span class='ocrx_word' id='word_1_95' title='bbox 1368 983 1502 1010; x_wconf 88' lang='lat' dir='ltr'><em>meae.</em></span> <span class='ocrx_word' id='word_1_96' title='bbox 1535 967 1685 1027; x_wconf 60' lang='lat' dir='ltr'><em>Exigit</em></span> <span class='ocrx_word' id='word_1_97' title='bbox 1713 984 1898 1028; x_wconf 85' lang='lat' dir='ltr'><em>namque</em></span> 
     </span>
     <span class='ocr_line' id='line_1_12' title="bbox 354 1048 1899 1114; baseline 0.005 -23"><span class='ocrx_word' id='word_1_98' title='bbox 354 1048 466 1109; x_wconf 82' lang='lat' dir='ltr'><em>sides</em></span> <span class='ocrx_word' id='word_1_99' title='bbox 497 1060 572 1092; x_wconf 85' lang='lat' dir='ltr'><em>tua</em></span> <span class='ocrx_word' id='word_1_100' title='bbox 608 1066 695 1110; x_wconf 82' lang='lat' dir='ltr'><em>qua</em></span> <span class='ocrx_word' id='word_1_101' title='bbox 734 1066 800 1093; x_wconf 88' lang='lat' dir='ltr'><em>me</em></span> <span class='ocrx_word' id='word_1_102' title='bbox 832 1049 1064 1110; x_wconf 76' lang='lat' dir='ltr'><em>complexa</em></span> <span class='ocrx_word' id='word_1_103' title='bbox 1096 1067 1158 1104; x_wconf 73' lang='grc' dir='ltr'><em>ες,</em></span> <span class='ocrx_word' id='word_1_104' title='bbox 1190 1051 1266 1093; x_wconf 78' lang='lat' dir='ltr'><em>tibi</em></span> <span class='ocrx_word' id='word_1_105' title='bbox 1296 1063 1343 1094; x_wconf 85' lang='lat' dir='ltr'><em>ut</em></span> <span class='ocrx_word' id='word_1_106' title='bbox 1372 1053 1591 1096; x_wconf 86' lang='lat' dir='ltr'><em>consilium</em></span> <span class='ocrx_word' id='word_1_107' title='bbox 1615 1052 1742 1112; x_wconf 84' lang='lat' dir='ltr'><em>fidele</em></span> <span class='ocrx_word' id='word_1_108' title='bbox 1771 1069 1899 1114; x_wconf 85' lang='lat' dir='ltr'><em>prae-</em></span> 
     </span>
     <span class='ocr_line' id='line_1_13' title="bbox 362 1133 1896 1197; baseline 0.003 -20"><span class='ocrx_word' id='word_1_109' title='bbox 362 1133 508 1190; x_wconf 78' lang='lat' dir='ltr'><em>beam,</em></span> <span class='ocrx_word' id='word_1_110' title='bbox 537 1146 580 1178; x_wconf 88' lang='lat' dir='ltr'><em>et</em></span> <span class='ocrx_word' id='word_1_111' title='bbox 609 1135 728 1195; x_wconf 87' lang='lat' dir='ltr'><em>quod</em></span> <span class='ocrx_word' id='word_1_112' title='bbox 755 1137 800 1179; x_wconf 86' lang='lat' dir='ltr'><em>in</em></span> <span class='ocrx_word' id='word_1_113' title='bbox 831 1152 922 1180; x_wconf 89' lang='lat' dir='ltr'><em>rem</em></span> <span class='ocrx_word' id='word_1_114' title='bbox 951 1138 1005 1178; x_wconf 87' lang='lat' dir='ltr'><em>sit</em></span> <span class='ocrx_word' id='word_1_115' title='bbox 1036 1146 1166 1178; x_wconf 89' lang='lat' dir='ltr'><em>tuam.</em></span> <span class='ocrx_word' id='word_1_116' title='bbox 1208 1135 1276 1178; x_wconf 87' lang='lat' dir='ltr'><em>Tu</em></span> <span class='ocrx_word' id='word_1_117' title='bbox 1308 1149 1348 1180; x_wconf 85' lang='lat' dir='ltr'><em>te</em></span> <span class='ocrx_word' id='word_1_118' title='bbox 1391 1139 1470 1180; x_wconf 87' lang='lat' dir='ltr'><em>scis</em></span> <span class='ocrx_word' id='word_1_119' title='bbox 1505 1138 1769 1197; x_wconf 81' lang='lat' dir='ltr'><em>pernobilem</em></span> <span class='ocrx_word' id='word_1_120' title='bbox 1808 1155 1896 1182; x_wconf 84' lang='lat' dir='ltr'><em>esse</em></span> 
     </span>
     <span class='ocr_line' id='line_1_14' title="bbox 363 1220 1898 1282; baseline 0.002 -20"><span class='ocrx_word' id='word_1_121' title='bbox 363 1231 406 1262; x_wconf 90' lang='lat' dir='ltr'><em>et</em></span> <span class='ocrx_word' id='word_1_122' title='bbox 435 1223 480 1263; x_wconf 87' lang='lat' dir='ltr'><em>in</em></span> <span class='ocrx_word' id='word_1_123' title='bbox 519 1220 643 1263; x_wconf 86' lang='lat' dir='ltr'><em>clara</em></span> <span class='ocrx_word' id='word_1_124' title='bbox 665 1221 851 1277; x_wconf 83' lang='lat' dir='ltr'><em>familia</em></span> <span class='ocrx_word' id='word_1_125' title='bbox 881 1233 1073 1281; x_wconf 83' lang='lat' dir='ltr'><em>nuptam.</em></span> <span class='ocrx_word' id='word_1_126' title='bbox 1099 1220 1272 1264; x_wconf 86' lang='lat' dir='ltr'><em>Nomen</em></span> <span class='ocrx_word' id='word_1_127' title='bbox 1294 1221 1427 1264; x_wconf 81' lang='lat' dir='ltr'><em>lzabes</em></span> <span class='ocrx_word' id='word_1_128' title='bbox 1458 1233 1546 1264; x_wconf 88' lang='lat' dir='ltr'><em>tum</em></span> <span class='ocrx_word' id='word_1_129' title='bbox 1572 1222 1898 1282; x_wconf 68' lang='lat' dir='ltr'><em>pulcherrimae,</em></span> 
     </span>
    </p>
   </div>
   <div class='ocr_carea' id='block_1_3' title="bbox 363 1303 1897 1364">
    <p class='ocr_par' dir='ltr' id='par_1_3' title="bbox 363 1303 1897 1364">
     <span class='ocr_line' id='line_1_15' title="bbox 363 1303 1897 1364; baseline 0.001 -18"><span class='ocrx_word' id='word_1_130' title='bbox 363 1316 452 1346; x_wconf 83' lang='lat' dir='ltr'><em>tum</em></span> <span class='ocrx_word' id='word_1_131' title='bbox 478 1303 779 1363; x_wconf 77' lang='lat' dir='ltr'><em>pudicissimae</em></span> <span class='ocrx_word' id='word_1_132' title='bbox 811 1305 1009 1348; x_wconf 83' lang='lat' dir='ltr'><em>mulieris.</em></span> <span class='ocrx_word' id='word_1_133' title='bbox 1047 1305 1142 1347; x_wconf 90' lang='lat' dir='ltr'><em>Nec</em></span> <span class='ocrx_word' id='word_1_134' title='bbox 1179 1304 1300 1364; x_wconf 85' lang='lat' dir='ltr'><em>apud</em></span> <span class='ocrx_word' id='word_1_135' title='bbox 1323 1303 1462 1348; x_wconf 88' lang='lat' dir='ltr'><em>Italos</em></span> <span class='ocrx_word' id='word_1_136' title='bbox 1498 1305 1634 1348; x_wconf 88' lang='lat' dir='ltr'><em>solum</em></span> <span class='ocrx_word' id='word_1_137' title='bbox 1665 1317 1739 1348; x_wconf 89' lang='lat' dir='ltr'><em>tua</em></span> <span class='ocrx_word' id='word_1_138' title='bbox 1767 1307 1897 1362; x_wconf 89' lang='lat' dir='ltr'><em>fama</em></span> 
     </span>
    </p>
   </div>
   <div class='ocr_carea' id='block_1_4' title="bbox 362 1387 1932 1444">
    <p class='ocr_par' dir='ltr' id='par_1_4' title="bbox 362 1387 1932 1444">
     <span class='ocr_line' id='line_1_16' title="bbox 362 1387 1932 1444; baseline 0.002 -13"><span class='ocrx_word' id='word_1_139' title='bbox 362 1387 593 1444; x_wconf 84' lang='lat' dir='ltr'><em>clauditur,·</em></span> <span class='ocrx_word' id='word_1_140' title='bbox 622 1388 700 1432; x_wconf 86' lang='lat' dir='ltr'><em>sed</em></span> <span class='ocrx_word' id='word_1_141' title='bbox 735 1399 778 1432; x_wconf 88' lang='lat' dir='ltr'><em>et</em></span> <span class='ocrx_word' id='word_1_142' title='bbox 811 1389 1028 1433; x_wconf 85' lang='lat' dir='ltr'><em>Teutones</em></span> <span class='ocrx_word' id='word_1_143' title='bbox 1065 1400 1106 1432; x_wconf 86' lang='lat' dir='ltr'><em>et</em></span> <span class='ocrx_word' id='word_1_144' title='bbox 1138 1388 1364 1432; x_wconf 83' lang='lat' dir='ltr'><em>Pannonii</em></span> <span class='ocrx_word' id='word_1_145' title='bbox 1392 1401 1434 1433; x_wconf 87' lang='lat' dir='ltr'><em>et</em></span> <span class='ocrx_word' id='word_1_146' title='bbox 1470 1389 1653 1433; x_wconf 77' lang='lat' dir='ltr'><em>Belzemi</em></span> <span class='ocrx_word' id='word_1_147' title='bbox 1682 1402 1725 1433; x_wconf 91' lang='lat' dir='ltr'><em>et</em></span> <span class='ocrx_word' id='word_1_148' title='bbox 1752 1406 1897 1434; x_wconf 87' lang='lat' dir='ltr'><em>omnes</em></span> <span class='ocrx_word' id='word_1_149' title='bbox 1927 1397 1932 1402; x_wconf 87' lang='lat'>&#39;</span> 
     </span>
    </p>
   </div>
   <div class='ocr_carea' id='block_1_5' title="bbox 357 1473 1899 2724">
    <p class='ocr_par' dir='ltr' id='par_1_5' title="bbox 357 1473 1899 2724">
     <span class='ocr_line' id='line_1_17' title="bbox 362 1473 1896 1535; baseline 0.001 -17"><span class='ocrx_word' id='word_1_150' title='bbox 362 1473 670 1534; x_wconf 80' lang='lat' dir='ltr'><em>Septentrionis</em></span> <span class='ocrx_word' id='word_1_151' title='bbox 699 1474 852 1535; x_wconf 85' lang='lat' dir='ltr'><em>populi</em></span> <span class='ocrx_word' id='word_1_152' title='bbox 887 1485 1005 1518; x_wconf 89' lang='lat' dir='ltr'><em>tuum</em></span> <span class='ocrx_word' id='word_1_153' title='bbox 1036 1490 1191 1518; x_wconf 87' lang='lat' dir='ltr'><em>nomen</em></span> <span class='ocrx_word' id='word_1_154' title='bbox 1229 1485 1476 1535; x_wconf 82' lang='lat' dir='ltr'><em>agnoscunt.</em></span> <span class='ocrx_word' id='word_1_155' title='bbox 1526 1474 1657 1532; x_wconf 81' lang='lat' dir='ltr'><em>Quod</em></span> <span class='ocrx_word' id='word_1_156' title='bbox 1684 1479 1722 1518; x_wconf 87' lang='lat' dir='ltr'><em>si</em></span> <span class='ocrx_word' id='word_1_157' title='bbox 1750 1491 1824 1535; x_wconf 80' lang='lat' dir='ltr'><em>ego</em></span> <span class='ocrx_word' id='word_1_158' title='bbox 1857 1486 1896 1519; x_wconf 85' lang='lat' dir='ltr'><em>te</em></span> 
     </span>
     <span class='ocr_line' id='line_1_18' title="bbox 362 1557 1899 1618; baseline 0.001 -18"><span class='ocrx_word' id='word_1_159' title='bbox 362 1560 550 1618; x_wconf 77' lang='lat' dir='ltr'><em>rapiam,</em></span> <span class='ocrx_word' id='word_1_160' title='bbox 580 1561 718 1613; x_wconf 83' lang='lat' dir='ltr'><em>(mitto</em></span> <span class='ocrx_word' id='word_1_161' title='bbox 749 1557 932 1602; x_wconf 81' lang='lat' dir='ltr'><em>dedecus</em></span> <span class='ocrx_word' id='word_1_162' title='bbox 965 1575 1122 1612; x_wconf 88' lang='lat' dir='ltr'><em>meum,</em></span> <span class='ocrx_word' id='word_1_163' title='bbox 1152 1557 1271 1618; x_wconf 87' lang='lat' dir='ltr'><em>quod</em></span> <span class='ocrx_word' id='word_1_164' title='bbox 1303 1561 1365 1601; x_wconf 83' lang='lat' dir='ltr'><em>tui</em></span> <span class='ocrx_word' id='word_1_165' title='bbox 1396 1575 1528 1602; x_wconf 87' lang='lat' dir='ltr'><em>causa</em></span> <span class='ocrx_word' id='word_1_166' title='bbox 1550 1559 1899 1617; x_wconf 65' lang='lat' dir='ltr'><em>floccffacerem),</em></span> 
     </span>
     <span class='ocr_line' id='line_1_19' title="bbox 361 1643 1898 1704; baseline 0.001 -17"><span class='ocrx_word' id='word_1_167' title='bbox 361 1660 449 1704; x_wconf 85' lang='lat' dir='ltr'><em>qua</em></span> <span class='ocrx_word' id='word_1_168' title='bbox 468 1646 699 1704; x_wconf 78' lang='lat' dir='ltr'><em>ignominia</em></span> <span class='ocrx_word' id='word_1_169' title='bbox 726 1655 819 1686; x_wconf 81' lang='lat' dir='ltr'><em>tuos</em></span> <span class='ocrx_word' id='word_1_170' title='bbox 843 1643 1037 1703; x_wconf 76' lang='lat' dir='ltr'><em>afficeres</em></span> <span class='ocrx_word' id='word_1_171' title='bbox 1062 1645 1356 1687; x_wconf 86' lang='lat' dir='ltr'><em>necessarios?</em></span> <span class='ocrx_word' id='word_1_172' title='bbox 1376 1644 1528 1704; x_wconf 86' lang='lat' dir='ltr'><em>quibus</em></span> <span class='ocrx_word' id='word_1_173' title='bbox 1558 1643 1775 1688; x_wconf 78' lang='lat' dir='ltr'><em>doloribus</em></span> <span class='ocrx_word' id='word_1_174' title='bbox 1805 1661 1898 1688; x_wconf 89' lang='lat' dir='ltr'><em>ma-</em></span> 
     </span>
     <span class='ocr_line' id='line_1_20' title="bbox 361 1727 1897 1789; baseline 0 -17"><span class='ocrx_word' id='word_1_175' title='bbox 361 1739 466 1772; x_wconf 81' lang='lat' dir='ltr'><em>trem</em></span> <span class='ocrx_word' id='word_1_176' title='bbox 492 1730 742 1789; x_wconf 79' lang='lat' dir='ltr'><em>pungeres?</em></span> <span class='ocrx_word' id='word_1_177' title='bbox 778 1727 899 1784; x_wconf 79' lang='lat' dir='ltr'><em>Quid</em></span> <span class='ocrx_word' id='word_1_178' title='bbox 925 1727 979 1771; x_wconf 92' lang='lat' dir='ltr'><em>de</em></span> <span class='ocrx_word' id='word_1_179' title='bbox 1011 1739 1051 1771; x_wconf 88' lang='lat' dir='ltr'><em>te</em></span> <span class='ocrx_word' id='word_1_180' title='bbox 1082 1727 1329 1772; x_wconf 77' lang='lat' dir='ltr'><em>diceretur?</em></span> <span class='ocrx_word' id='word_1_181' title='bbox 1370 1731 1464 1788; x_wconf 86' lang='lat' dir='ltr'><em>quis</em></span> <span class='ocrx_word' id='word_1_182' title='bbox 1495 1744 1641 1772; x_wconf 87' lang='lat' dir='ltr'><em>rumor</em></span> <span class='ocrx_word' id='word_1_183' title='bbox 1678 1733 1817 1773; x_wconf 80' lang='lat' dir='ltr'><em>exiret</em></span> <span class='ocrx_word' id='word_1_184' title='bbox 1852 1733 1897 1772; x_wconf 85' lang='lat' dir='ltr'><em>in</em></span> 
     </span>
     <span class='ocr_line' id='line_1_21' title="bbox 360 1811 1895 1874; baseline 0.001 -18"><span class='ocrx_word' id='word_1_185' title='bbox 360 1813 539 1857; x_wconf 80' lang='lat' dir='ltr'><em>orbem?</em></span> <span class='ocrx_word' id='word_1_186' title='bbox 571 1811 682 1856; x_wconf 89' lang='lat' dir='ltr'><em>Ecce</em></span> <span class='ocrx_word' id='word_1_187' title='bbox 714 1811 978 1868; x_wconf 78' lang='lat' dir='ltr'><em>Lucretiam,</em></span> <span class='ocrx_word' id='word_1_188' title='bbox 1001 1829 1114 1874; x_wconf 88' lang='lat' dir='ltr'><em>quae</em></span> <span class='ocrx_word' id='word_1_189' title='bbox 1141 1811 1268 1856; x_wconf 80' lang='lat' dir='ltr'><em>Bruti</em></span> <span class='ocrx_word' id='word_1_190' title='bbox 1297 1815 1472 1874; x_wconf 83' lang='lat' dir='ltr'><em>conjuge</em></span> <span class='ocrx_word' id='word_1_191' title='bbox 1504 1816 1677 1868; x_wconf 76' lang='lat' dir='ltr'><em>castior,</em></span> <span class='ocrx_word' id='word_1_192' title='bbox 1706 1814 1895 1858; x_wconf 87' lang='lat' dir='ltr'><em>Penelo-</em></span> 
     </span>
     <span class='ocr_line' id='line_1_22' title="bbox 357 1897 1894 1959; baseline 0 -17"><span class='ocrx_word' id='word_1_193' title='bbox 357 1915 549 1959; x_wconf 89' lang='lat' dir='ltr'><em>peaeque</em></span> <span class='ocrx_word' id='word_1_194' title='bbox 572 1897 721 1941; x_wconf 88' lang='lat' dir='ltr'><em>melior</em></span> <span class='ocrx_word' id='word_1_195' title='bbox 736 1897 976 1952; x_wconf 81' lang='lat' dir='ltr'><em>dicebatur,</em></span> <span class='ocrx_word' id='word_1_196' title='bbox 982 1899 1081 1958; x_wconf 88' lang='lat' dir='ltr'><em>jam</em></span> <span class='ocrx_word' id='word_1_197' title='bbox 1097 1898 1317 1941; x_wconf 76' lang='lat' dir='ltr'><em>moechum</em></span> <span class='ocrx_word' id='word_1_198' title='bbox 1337 1901 1542 1958; x_wconf 88' lang='lat' dir='ltr'><em>sequitur,</em></span> <span class='ocrx_word' id='word_1_199' title='bbox 1566 1901 1785 1942; x_wconf 85' lang='lat' dir='ltr'><em>immemor</em></span> <span class='ocrx_word' id='word_1_200' title='bbox 1813 1898 1894 1942; x_wconf 86' lang='lat' dir='ltr'><em>do-</em></span> 
     </span>
     <span class='ocr_line' id='line_1_23' title="bbox 360 1981 1897 2043; baseline 0.001 -18"><span class='ocrx_word' id='word_1_201' title='bbox 360 2000 472 2036; x_wconf 86' lang='lat' dir='ltr'><em>mus,</em></span> <span class='ocrx_word' id='word_1_202' title='bbox 497 1994 726 2043; x_wconf 78' lang='lat' dir='ltr'><em>parentum</em></span> <span class='ocrx_word' id='word_1_203' title='bbox 757 1995 799 2027; x_wconf 90' lang='lat' dir='ltr'><em>et</em></span> <span class='ocrx_word' id='word_1_204' title='bbox 825 1985 1010 2041; x_wconf 77' lang='lat' dir='ltr'><em>patriae.</em></span> <span class='ocrx_word' id='word_1_205' title='bbox 1042 1982 1147 2025; x_wconf 88' lang='lat' dir='ltr'><em>Non</em></span> <span class='ocrx_word' id='word_1_206' title='bbox 1178 1981 1408 2035; x_wconf 83' lang='lat' dir='ltr'><em>Lucretia,</em></span> <span class='ocrx_word' id='word_1_207' title='bbox 1437 1981 1514 2026; x_wconf 86' lang='lat' dir='ltr'><em>sed</em></span> <span class='ocrx_word' id='word_1_208' title='bbox 1541 1981 1673 2042; x_wconf 90' lang='lat' dir='ltr'><em>Ippia</em></span> <span class='ocrx_word' id='word_1_209' title='bbox 1703 1995 1795 2036; x_wconf 88' lang='lat' dir='ltr'><em>est,</em></span> <span class='ocrx_word' id='word_1_210' title='bbox 1831 1983 1897 2026; x_wconf 89' lang='lat' dir='ltr'><em>vel</em></span> 
     </span>
     <span class='ocr_line' id='line_1_24' title="bbox 359 2058 1898 2135; baseline -0.001 -24"><span class='ocrx_word' id='word_1_211' title='bbox 359 2068 573 2111; x_wconf 84' lang='lat' dir='ltr'><em>Jasonem</em></span> <span class='ocrx_word' id='word_1_212' title='bbox 604 2079 748 2111; x_wconf 81' lang='lat' dir='ltr'><em>secula</em></span> <span class='ocrx_word' id='word_1_213' title='bbox 781 2067 958 2111; x_wconf 86' lang='lat' dir='ltr'><em>Medea.</em></span> <span class='ocrx_word' id='word_1_214' title='bbox 992 2058 1096 2112; x_wconf 84' lang='lat' dir='ltr'><em>Heu</em></span> <span class='ocrx_word' id='word_1_215' title='bbox 1127 2068 1226 2111; x_wconf 84' lang='lat' dir='ltr'><em>me!</em></span> <span class='ocrx_word' id='word_1_216' title='bbox 1255 2078 1440 2135; x_wconf 65' lang='lat' dir='ltr'><em>quantus</em></span> <span class='ocrx_word' id='word_1_217' title='bbox 1471 2081 1642 2110; x_wconf 87' lang='lat' dir='ltr'><em>maeror</em></span> <span class='ocrx_word' id='word_1_218' title='bbox 1669 2067 1898 2110; x_wconf 78' lang='lat' dir='ltr'><em>haberetur</em></span> 
     </span>
     <span class='ocr_line' id='line_1_25' title="bbox 360 2134 1892 2197; baseline -0.001 -1"><span class='ocrx_word' id='word_1_219' title='bbox 360 2169 454 2196; x_wconf 88' lang='lat' dir='ltr'><em>cum</em></span> <span class='ocrx_word' id='word_1_220' title='bbox 486 2152 539 2197; x_wconf 92' lang='lat' dir='ltr'><em>de</em></span> <span class='ocrx_word' id='word_1_221' title='bbox 576 2164 615 2195; x_wconf 83' lang='lat' dir='ltr'><em>te</em></span> <span class='ocrx_word' id='word_1_222' title='bbox 649 2152 755 2195; x_wconf 87' lang='lat' dir='ltr'><em>talia</em></span> <span class='ocrx_word' id='word_1_223' title='bbox 788 2152 873 2196; x_wconf 86' lang='lat' dir='ltr'><em>dici</em></span> <span class='ocrx_word' id='word_1_224' title='bbox 903 2155 1113 2196; x_wconf 85' lang='lat' dir='ltr'><em>sentirem.</em></span> <span class='ocrx_word' id='word_1_225' title='bbox 1155 2134 1286 2195; x_wconf 81' lang='lat' dir='ltr'><em>Nunc</em></span> <span class='ocrx_word' id='word_1_226' title='bbox 1333 2166 1457 2194; x_wconf 88' lang='lat' dir='ltr'><em>amor</em></span> <span class='ocrx_word' id='word_1_227' title='bbox 1500 2161 1645 2195; x_wconf 86' lang='lat' dir='ltr'><em>noster</em></span> <span class='ocrx_word' id='word_1_228' title='bbox 1674 2151 1786 2194; x_wconf 89' lang='lat' dir='ltr'><em>clam</em></span> <span class='ocrx_word' id='word_1_229' title='bbox 1817 2162 1892 2194; x_wconf 92' lang='lat' dir='ltr'><em>est.</em></span> 
     </span>
     <span class='ocr_line' id='line_1_26' title="bbox 360 2236 1894 2299; baseline -0.001 -19"><span class='ocrx_word' id='word_1_230' title='bbox 360 2238 502 2282; x_wconf 88' lang='lat' dir='ltr'><em>Nemo</em></span> <span class='ocrx_word' id='word_1_231' title='bbox 540 2249 580 2281; x_wconf 84' lang='lat' dir='ltr'><em>te</em></span> <span class='ocrx_word' id='word_1_232' title='bbox 612 2254 700 2281; x_wconf 86' lang='lat' dir='ltr'><em>non</em></span> <span class='ocrx_word' id='word_1_233' title='bbox 741 2237 905 2282; x_wconf 87' lang='lat' dir='ltr'><em>laudat.</em></span> <span class='ocrx_word' id='word_1_234' title='bbox 938 2238 1115 2299; x_wconf 84' lang='lat' dir='ltr'><em>Rapina</em></span> <span class='ocrx_word' id='word_1_235' title='bbox 1153 2237 1345 2281; x_wconf 78' lang='lat' dir='ltr'><em>turbaret</em></span> <span class='ocrx_word' id='word_1_236' title='bbox 1385 2239 1542 2280; x_wconf 85' lang='lat' dir='ltr'><em>omnia.</em></span> <span class='ocrx_word' id='word_1_237' title='bbox 1575 2236 1670 2280; x_wconf 89' lang='lat' dir='ltr'><em>Nec</em></span> <span class='ocrx_word' id='word_1_238' title='bbox 1702 2253 1894 2297; x_wconf 86' lang='lat' dir='ltr'><em>unquam</em></span> 
     </span>
     <span class='ocr_line' id='line_1_27' title="bbox 361 2320 1895 2384; baseline -0.002 -18"><span class='ocrx_word' id='word_1_239' title='bbox 361 2335 449 2366; x_wconf 86' lang='lat' dir='ltr'><em>tam</em></span> <span class='ocrx_word' id='word_1_240' title='bbox 481 2321 662 2366; x_wconf 81' lang='lat' dir='ltr'><em>laudata</em></span> <span class='ocrx_word' id='word_1_241' title='bbox 677 2324 825 2379; x_wconf 85' lang='lat' dir='ltr'><em>fuisti,</em></span> <span class='ocrx_word' id='word_1_242' title='bbox 844 2339 976 2384; x_wconf 84' lang='lat' dir='ltr'><em>quam</em></span> <span class='ocrx_word' id='word_1_243' title='bbox 1002 2335 1099 2368; x_wconf 82' lang='lat' dir='ltr'><em>tunc</em></span> <span class='ocrx_word' id='word_1_244' title='bbox 1131 2322 1446 2383; x_wconf 72' lang='lat' dir='ltr'><em>vituperaberis.</em></span> <span class='ocrx_word' id='word_1_245' title='bbox 1470 2320 1558 2366; x_wconf 87' lang='lat' dir='ltr'><em>Sed</em></span> <span class='ocrx_word' id='word_1_246' title='bbox 1580 2324 1794 2364; x_wconf 77' lang='lat' dir='ltr'><em>mittamus</em></span> <span class='ocrx_word' id='word_1_247' title='bbox 1809 2323 1895 2378; x_wconf 85' lang='lat' dir='ltr'><em>fa-</em></span> 
     </span>
     <span class='ocr_line' id='line_1_28' title="bbox 360 2404 1894 2468; baseline -0.002 -18"><span class='ocrx_word' id='word_1_248' title='bbox 360 2424 488 2451; x_wconf 87' lang='lat' dir='ltr'><em>mam.</em></span> <span class='ocrx_word' id='word_1_249' title='bbox 525 2406 659 2465; x_wconf 83' lang='lat' dir='ltr'><em>Quid,</em></span> <span class='ocrx_word' id='word_1_250' title='bbox 682 2423 814 2468; x_wconf 88' lang='lat' dir='ltr'><em>quum</em></span> <span class='ocrx_word' id='word_1_251' title='bbox 834 2424 979 2451; x_wconf 83' lang='lat' dir='ltr'><em>amore</em></span> <span class='ocrx_word' id='word_1_252' title='bbox 1009 2410 1174 2468; x_wconf 74' lang='lat' dir='ltr'><em>perfrui</em></span> <span class='ocrx_word' id='word_1_253' title='bbox 1211 2418 1355 2451; x_wconf 86' lang='lat' dir='ltr'><em>nostro</em></span> <span class='ocrx_word' id='word_1_254' title='bbox 1387 2422 1476 2450; x_wconf 85' lang='lat' dir='ltr'><em>non</em></span> <span class='ocrx_word' id='word_1_255' title='bbox 1499 2405 1769 2450; x_wconf 78' lang='lat' dir='ltr'><em>valeremus?</em></span> <span class='ocrx_word' id='word_1_256' title='bbox 1803 2404 1894 2464; x_wconf 81' lang='lat' dir='ltr'><em>Ego</em></span> 
     </span>
     <span class='ocr_line' id='line_1_29' title="bbox 363 2489 1892 2552; baseline -0.003 -16"><span class='ocrx_word' id='word_1_257' title='bbox 363 2492 540 2536; x_wconf 85' lang='lat' dir='ltr'><em>Caesari</em></span> <span class='ocrx_word' id='word_1_258' title='bbox 569 2495 716 2536; x_wconf 88' lang='lat' dir='ltr'><em>servio.</em></span> <span class='ocrx_word' id='word_1_259' title='bbox 743 2490 791 2534; x_wconf 91' lang='lat' dir='ltr'><em>Is</em></span> <span class='ocrx_word' id='word_1_260' title='bbox 824 2508 888 2535; x_wconf 90' lang='lat' dir='ltr'><em>me</em></span> <span class='ocrx_word' id='word_1_261' title='bbox 916 2495 1048 2536; x_wconf 87' lang='lat' dir='ltr'><em>virum</em></span> <span class='ocrx_word' id='word_1_262' title='bbox 1063 2494 1177 2548; x_wconf 82' lang='lat' dir='ltr'><em>fecit</em></span> <span class='ocrx_word' id='word_1_263' title='bbox 1207 2502 1249 2535; x_wconf 87' lang='lat' dir='ltr'><em>et</em></span> <span class='ocrx_word' id='word_1_264' title='bbox 1269 2501 1484 2552; x_wconf 86' lang='lat' dir='ltr'><em>potentem</em></span> <span class='ocrx_word' id='word_1_265' title='bbox 1515 2501 1556 2533; x_wconf 89' lang='lat' dir='ltr'><em>et</em></span> <span class='ocrx_word' id='word_1_266' title='bbox 1586 2489 1785 2544; x_wconf 83' lang='lat' dir='ltr'><em>divitem;</em></span> <span class='ocrx_word' id='word_1_267' title='bbox 1816 2504 1892 2532; x_wconf 86' lang='lat' dir='ltr'><em>nec</em></span> 
     </span>
     <span class='ocr_line' id='line_1_30' title="bbox 362 2573 1892 2637; baseline -0.003 -19"><span class='ocrx_word' id='word_1_268' title='bbox 362 2578 418 2619; x_wconf 77' lang='lat' dir='ltr'><em>ab</em></span> <span class='ocrx_word' id='word_1_269' title='bbox 452 2594 501 2621; x_wconf 88' lang='lat' dir='ltr'><em>eo</em></span> <span class='ocrx_word' id='word_1_270' title='bbox 534 2576 728 2621; x_wconf 85' lang='lat' dir='ltr'><em>recedere</em></span> <span class='ocrx_word' id='word_1_271' title='bbox 765 2593 937 2637; x_wconf 85' lang='lat' dir='ltr'><em>possum</em></span> <span class='ocrx_word' id='word_1_272' title='bbox 969 2580 1057 2620; x_wconf 83' lang='lat' dir='ltr'><em>sine</em></span> <span class='ocrx_word' id='word_1_273' title='bbox 1099 2579 1183 2620; x_wconf 88' lang='lat' dir='ltr'><em>mei</em></span> <span class='ocrx_word' id='word_1_274' title='bbox 1225 2587 1359 2620; x_wconf 87' lang='lat' dir='ltr'><em>status</em></span> <span class='ocrx_word' id='word_1_275' title='bbox 1398 2578 1534 2618; x_wconf 84' lang='lat' dir='ltr'><em>ruina.</em></span> <span class='ocrx_word' id='word_1_276' title='bbox 1571 2573 1702 2631; x_wconf 84' lang='lat' dir='ltr'><em>Quod</em></span> <span class='ocrx_word' id='word_1_277' title='bbox 1731 2576 1766 2616; x_wconf 89' lang='lat' dir='ltr'><em>si</em></span> <span class='ocrx_word' id='word_1_278' title='bbox 1796 2590 1892 2617; x_wconf 86' lang='lat' dir='ltr'><em>eum</em></span> 
     </span>
     <span class='ocr_line' id='line_1_31' title="bbox 362 2659 1893 2724; baseline -0.001 -21"><span class='ocrx_word' id='word_1_279' title='bbox 362 2663 616 2717; x_wconf 79' lang='lat' dir='ltr'><em>desererem,</em></span> <span class='ocrx_word' id='word_1_280' title='bbox 647 2680 735 2707; x_wconf 87' lang='lat' dir='ltr'><em>non</em></span> <span class='ocrx_word' id='word_1_281' title='bbox 756 2666 918 2724; x_wconf 84' lang='lat' dir='ltr'><em>quirem</em></span> <span class='ocrx_word' id='word_1_282' title='bbox 941 2674 978 2706; x_wconf 89' lang='lat' dir='ltr'><em>te</em></span> <span class='ocrx_word' id='word_1_283' title='bbox 1013 2663 1210 2706; x_wconf 81' lang='lat' dir='ltr'><em>decenter</em></span> <span class='ocrx_word' id='word_1_284' title='bbox 1229 2663 1400 2706; x_wconf 81' lang='lat' dir='ltr'><em>habere.</em></span> <span class='ocrx_word' id='word_1_285' title='bbox 1426 2659 1475 2705; x_wconf 85' lang='lat' dir='ltr'><em>Si</em></span> <span class='ocrx_word' id='word_1_286' title='bbox 1499 2662 1659 2703; x_wconf 89' lang='lat' dir='ltr'><em>curiam</em></span> <span class='ocrx_word' id='word_1_287' title='bbox 1681 2674 1893 2720; x_wconf 83' lang='lat' dir='ltr'><em>sequerer,</em></span> 
     </span>
    </p>
   </div>
   <div class='ocr_carea' id='block_1_6' title="bbox 363 2743 1894 2807">
    <p class='ocr_par' dir='ltr' id='par_1_6' title="bbox 363 2743 1894 2807">
     <span class='ocr_line' id='line_1_32' title="bbox 363 2743 1894 2807; baseline -0.002 -19"><span class='ocrx_word' id='word_1_288' title='bbox 363 2747 481 2790; x_wconf 82' lang='lat' dir='ltr'><em>nulla</em></span> <span class='ocrx_word' id='word_1_289' title='bbox 515 2751 632 2807; x_wconf 84' lang='lat' dir='ltr'><em>quies</em></span> <span class='ocrx_word' id='word_1_290' title='bbox 661 2759 779 2792; x_wconf 88' lang='lat' dir='ltr'><em>esset.</em></span> <span class='ocrx_word' id='word_1_291' title='bbox 805 2747 936 2791; x_wconf 84' lang='lat' dir='ltr'><em>Omni</em></span> <span class='ocrx_word' id='word_1_292' title='bbox 954 2747 1022 2789; x_wconf 88' lang='lat' dir='ltr'><em>die</em></span> <span class='ocrx_word' id='word_1_293' title='bbox 1048 2758 1189 2791; x_wconf 80' lang='lat' dir='ltr'><em>castra</em></span> <span class='ocrx_word' id='word_1_294' title='bbox 1216 2763 1441 2792; x_wconf 82' lang='lat' dir='ltr'><em>movemus.</em></span> <span class='ocrx_word' id='word_1_295' title='bbox 1463 2745 1691 2804; x_wconf 81' lang='lat' dir='ltr'><em>Nusquam</em></span> <span class='ocrx_word' id='word_1_296' title='bbox 1718 2743 1894 2787; x_wconf 82' lang='lat' dir='ltr'><em>Caesari</em></span> 
     </span>
    </p>
   </div>
   <div class='ocr_carea' id='block_1_7' title="bbox 2014 219 2018 347">
    <p class='ocr_par' dir='ltr' id='par_1_7' title="bbox 2014 219 2018 347">
     <span class='ocr_line' id='line_1_33' title="bbox 2014 219 2018 347; baseline 0 -13"><span class='ocrx_word' id='word_1_297' title='bbox 2014 219 2018 347; x_wconf 49' lang='grc' dir='ltr'>ἢ</span> 
     </span>
    </p>
   </div>
   <div class='ocr_carea' id='block_1_8' title="bbox 2020 602 2023 672">
    <p class='ocr_par' dir='ltr' id='par_1_8' title="bbox 2019 550 2023 736">
     <span class='ocr_line' id='line_1_34' title="bbox 2020 602 2023 672; baseline 0 25"><span class='ocrx_word' id='word_1_298' title='bbox 2020 602 2023 672; x_wconf 52' lang='grc' dir='ltr'>ι</span> 
     </span>
    </p>
   </div>
  </div>
 </body>
</html>
