2023 3091
541 162 623 218 ¹04

414 259 535 292 eam..
566 247 676 292 Sede,
695 279 712 300 ,
746 245 911 303 inquit,
934 239 1069 280 amice
1086 252 1103 291 ,·
1135 252 1222 280 rem
1255 235 1462 297 grandem
1498 235 1576 277 tibi
1604 233 1786 279 dicturus
1817 252 1928 288 sum,

413 332 663 394 indigentem
695 330 758 371 his
788 338 896 385 quas
931 324 975 363 in
1014 331 1053 364 te
1084 323 1169 363 scio
1213 323 1314 363 sitas
1333 352 1349 373 ,
1385 317 1635 378 diligentia,
1679 317 1763 380 fide
1793 331 1834 363 et
1864 331 1929 362 m-

413 420 662 460 citurnitate.
698 408 832 453 Volui
851 404 1247 465 jamduduszaec
1292 404 1368 446 ribi
1397 403 1577 456 dixisse,
1613 401 1690 446 sed
1719 419 1806 445 non
1836 420 1930 447 eras

413 501 516 543 mihi
542 497 679 540 adlzuc
708 491 833 552 plene
865 493 1065 551 cognitus.
1107 489 1235 532 Nunc
1283 499 1322 530 ct
1363 499 1401 530 te
1445 503 1593 540 nosco,
1632 497 1673 530 et
1703 489 1806 546 quia
1830 503 1931 546 pro-

415 584 542 626 batae
579 577 682 639 fidei
720 593 763 620 es
801 591 900 618 amo
945 586 986 617 et
1021 574 1210 617 observo.
1257 570 1388 628 Quod
1425 573 1459 613 si
1505 569 1627 612 aliud
1665 569 1719 613 de
1763 580 1802 612 te
1848 586 1935 612 non

414 668 578 716 scirem,
608 663 709 705 satis
740 671 802 703 est
832 663 933 721 quia
955 675 1099 701 omnes
1132 661 1194 700 tui
1223 659 1410 700 concives
1444 667 1482 698 te
1509 654 1692 697 laudant
1707 673 1725 712 ,-
1757 666 1843 697 tum
1863 670 1936 698 co-

415 751 533 790 mites
575 749 686 801 mei,
731 745 980 806 quibuscum
1019 745 1251 787 amicitiam
1299 742 1566 801 conflavisti,
1612 752 1652 782 et
1698 742 1772 801 qui
1812 743 1867 782 sis
1898 750 1939 781 et

415 833 566 892 quanti
578 829 828 890 pendendus
848 845 913 872 me
945 839 1103 872 certum
1118 829 1282 884 secere.
1302 826 1377 868 Ea.-
1398 825 1549 885 quibus
1576 835 1614 867 te
1632 840 1782 884 cupere
1803 839 1942 866 meam

418 914 755 970 benevolentiam
785 911 943 965 didz'ci5
974 914 1090 971 cujus
1115 913 1210 968 jam
1236 923 1274 953 te
1291 913 1419 965 jacio
1437 912 1705 969 participem,
1735 912 1941 968 quianon

1151 1028 1181 1054 υ

419 1085 623 1144 quoniam
654 1084 764 1124 inter
798 1082 956 1122 amicos
988 1094 1052 1120 res
1093 1079 1263 1136 agitur,
1307 1081 1455 1135 paucis
1488 1093 1722 1137 exponam.
1759 1075 1825 1117 Tu
1867 1077 1945 1117 scis

419 1002 557 1042 minus
587 998 663 1040 illa
702 1013 746 1040 es
785 995 934 1055 dignus
974 1011 1105 1054 quam
1136 1011 1209 1037 evo
1246 1012 1336 1037 sum
1383 1007 1469 1036 tua.
1513 994 1642 1034 Nunc
1673 991 1777 1052 quid
1807 991 1946 1044 velim,

421 1167 600 1211 mortale
621 1182 752 1226 genus
783 1180 914 1226 quam
945 1165 991 1205 in
1029 1176 1218 1204 amorem
1264 1163 1318 1202 sit
1351 1176 1544 1219 pronum.
1584 1159 1668 1203 Seu
1699 1162 1856 1202 virtutis
1887 1170 1948 1201 est

421 1270 495 1296 seu
516 1255 622 1305 vitii,
651 1252 736 1294 late
765 1261 888 1310 patet
918 1252 999 1291 ista
1030 1247 1267 1289 calamitas.
1301 1245 1395 1287 Nec
1427 1260 1500 1287 cor
1522 1257 1602 1297 est,
1631 1249 1667 1286 si
1696 1245 1822 1286 modo
1855 1260 1948 1286 car-

423 1354 551 1381 neum
590 1347 681 1390 est,
711 1335 828 1396 quod
858 1337 1016 1376 amoris
1057 1349 1144 1375 non
1175 1330 1413 1391 aliquando
1444 1333 1599 1372 sentiat
1627 1328 1826 1372 stimulos.
1859 1328 1949 1372 Scis

425 1425 528 1483 quia
558 1437 634 1463 nec
654 1423 962 1463 sanctissimum
988 1417 1150 1471 David,
1180 1433 1257 1459 nec
1283 1418 1637 1476 sapientissimum
1660 1413 1950 1468 Salomonem,

429 1522 506 1549 nec
542 1503 793 1549 Samsonem
821 1505 1107 1559 fortissimum
1137 1503 1218 1543 ista
1246 1502 1389 1559 passio
1422 1499 1578 1542 dimisit
1606 1502 1843 1542 immunem.
1876 1497 1952 1540 In-

426 1592 543 1633 censi
579 1600 803 1648 praeterea
831 1589 1012 1646 pectoris
1044 1596 1087 1628 et
1116 1587 1272 1627 amoris
1306 1583 1490 1643 improbi
1519 1600 1572 1626 ca
1603 1594 1760 1625 natura
1799 1593 1878 1635 est,
1909 1594 1953 1624 ut

429 1676 467 1717 si
479 1673 621 1734 aliquo
637 1671 934 1732 prohibeatur,
958 1672 1091 1729 magis
1116 1668 1281 1711 ardeat.
1302 1667 1438 1710 Nulla
1455 1682 1499 1710 re
1525 1670 1656 1725 magis
1681 1669 1762 1709 ista
1784 1678 1956 1709 curatur

427 1760 576 1818 pestis,
606 1774 737 1817 quam
768 1755 910 1798 dilecti
941 1757 1079 1814 copia.
1106 1753 1298 1797 Fuerunt
1324 1754 1466 1813 plures
1498 1764 1586 1795 tum
1616 1755 1710 1806 viri,
1740 1763 1825 1794 tum
1859 1769 1953 1793 mu-

431 1844 570 1898 lieres,
602 1853 690 1884 tam
721 1852 867 1884 nostra
899 1856 1030 1901 quam
1062 1841 1272 1899 majorum
1293 1849 1531 1881 nostrorum
1555 1839 1778 1891 memoria,
1804 1836 1956 1897 quibus

433 1927 624 1971 inhibitio
657 1926 904 1969 durissimae
937 1926 1049 1967 necis
1059 1925 1153 1980 suit
1184 1925 1363 1966 occasio.
1397 1922 1555 1966 Contra
1587 1938 1683 1965 vero
1705 1920 1846 1981 plures
1875 1933 1957 1964 n'o-

435 2015 565 2057 vimus
590 2015 663 2073 qui
690 2023 789 2072 post
813 2010 1080 2053 concubitum
1101 2020 1141 2052 et
1172 2008 1398 2067 atriplex-us
1412 2011 1573 2068 passim
1592 2022 1831 2060 concessos,
1853 2022 1959 2048 mox

424 2100 581 2152 fiarere
609 2096 863 2139 desinerunt.
895 2094 1019 2136 Nihil
1049 2093 1274 2136 consultius
1294 2103 1372 2145 est,
1390 2104 1615 2152 postquam
1645 2107 1768 2134 amor
1798 2090 1958 2132 ossibus

439 2182 592 2235 haesit,
621 2197 750 2241 quam
765 2182 914 2237 furori
934 2178 1092 2222 cedere.
1122 2179 1242 2221 Nam
1267 2181 1340 2239 qui
1368 2177 1566 2220 adversus
1587 2186 1872 2236 tempestatem
1895 2177 1960 2217 ni-

443 2269 558 2318 titur,
586 2280 712 2323 saepe
744 2265 1014 2323 naufragium
1023 2265 1141 2320 facit
1154 2281 1170 2316 ,-
1195 2273 1236 2304 ct
1255 2264 1328 2322 qui
1352 2261 1613 2321 obtemperat
1636 2259 1867 2320 procellae,
1887 2276 1959 2301 su.-

441 2360 576 2410 perat.
607 2348 733 2391 Haec
765 2347 858 2390 ideo
890 2347 1003 2400 dixi,
1033 2362 1164 2407 quare
1198 2357 1236 2389 te
1267 2348 1369 2388 scire
1396 2361 1584 2388 amorem
1609 2361 1746 2387 meum
1769 2343 1889 2398 volo,-
1920 2354 1963 2386 et

445 2433 549 2497 quid
576 2436 658 2477 mei
677 2449 807 2475 causa
838 2435 892 2474 sis
909 2434 1122 2486 fiecturus.
1160 2430 1259 2473 Tibi
1287 2430 1404 2491 quod
1428 2429 1751 2473 emolumentum
1783 2429 1879 2470 lziuc
1910 2431 1962 2470 sit

448 2521 667 2572 oriturum,
696 2532 782 2560 non
814 2517 982 2570 tacebo,
1006 2519 1107 2577 quia
1124 2519 1221 2577 jam
1252 2519 1334 2559 mei
1364 2504 1499 2558 corclis
1531 2514 1711 2557 alteram
1742 2525 1781 2555 te
1814 2524 1963 2572 reputo

446 2615 622 2665 partem.
656 2601 746 2662 Ego
787 2600 1025 2644 Lucretiam
1055 2601 1200 2662 dilig0,
1230 2617 1365 2662 neque
1398 2600 1476 2643 hoc
1492 2632 1510 2653 ,
1539 2602 1596 2641 mi
1627 2597 1842 2656 Pandate,
1867 2614 1963 2640 mea

449 2688 575 2748 culpa
600 2698 662 2731 est
686 2689 868 2742 factum,
886 2686 963 2729 sed
986 2698 1150 2745 regente
1167 2686 1379 2739 Fortuna,
1406 2686 1450 2727 in
1469 2686 1585 2745 cujus
1606 2699 1736 2726 manu
1761 2693 1822 2725 est
1840 2698 1965 2742 quem

451 2773 622 2817 colimus
655 2771 779 2815 orbis.
813 2771 926 2814 Mihi
955 2787 1042 2814 non
1072 2782 1195 2814 erant
1241 2773 1331 2814 noti
1374 2785 1507 2813 mores
1545 2771 1699 2821 vestri,
1736 2783 1812 2811 nec
1844 2766 1965 2826 liujus
