2023 3091
489 87 568 131 130

361 174 514 215 intueri
539 173 696 232 potuit,
720 184 807 211 non
829 164 992 221 alloqui
1013 160 1265 204 Lucretiam.
1281 158 1500 220 Epistulae
1518 160 1658 219 plures
1678 165 1870 224 utrinque

360 258 511 300 missae
542 266 650 299 sum,
682 253 840 296 Rursus
864 245 1038 306 defuga
1070 255 1294 288 tractatum
1315 255 1388 287 est.
1423 241 1582 287 Triduo
1608 245 1691 289 illic
1716 252 1870 291 mansit

359 339 570 383 Eur-salus,
592 337 773 381 Domum
794 346 924 390 quum
943 328 1084 372 aditus
1105 345 1249 373 omnes
1270 327 1428 372 videret
1456 338 1639 388 ereptos,
1663 343 1868 374 recessum

356 425 446 484 ejus
475 419 639 465 amanti
667 416 932 458 renuntiavit.
963 413 1203 474 Nunquam
1234 423 1357 456 tanta
1387 411 1565 456 dulcedo
1571 414 1666 468 fuit
1696 415 1740 456 in
1771 430 1871 458 con-

355 502 577 557 versandO,
607 510 772 561 quanta
818 501 864 542 in
903 497 1137 542 recedendo
1178 500 1398 541 moestitia.
1444 496 1555 540 Erat
1598 499 1644 540 in
1671 501 1872 554 fenestra

354 588 562 631 Lucretia.
593 583 684 628 Per
710 586 844 627 vicum
861 584 962 641 jam
994 581 1195 626 Eurialus
1225 581 1458 641 equitabat.
1484 580 1697 624 Humidos
1729 583 1873 636 oculos

353 670 463 714 alter
485 671 531 712 in
560 667 743 712 alterum
773 669 988 729 injecerat.
1007 666 1163 710 Flebat
1188 683 1313 719 unus,
1337 665 1475 721 flebat
1488 664 1607 708 alter.
1623 664 1770 708 Ambo
1796 665 1872 709 do-

350 752 508 797 loribus
533 751 818 813 urgebantur,
849 762 895 795 ut
925 753 1000 811 qui
1028 753 1113 794 suis
1144 765 1200 794 ex
1227 749 1396 795 sedibus
1427 766 1502 793 cor
1529 749 1648 794 evelli
1680 748 1874 794 dolenter

349 835 604 881 sentiebant.
635 834 686 880 Si
713 838 806 897 quis
830 837 874 878 in
906 835 1023 879 obitu
1053 845 1236 895 quantus
1255 837 1309 878 sit
1339 833 1463 877 dolor
1481 837 1665 895 ignorat,
1691 834 1871 877 duorum

346 924 583 965 amantium
606 921 921 981 separationem
940 918 1191 973 consideret,
1219 922 1411 980 quamvis
1431 921 1570 979 major
1587 918 1653 962 hic
1669 922 1871 962 anxietas

347 1008 455 1049 inest
486 1015 529 1049 et
559 1007 769 1048 cruciatus
799 1004 1016 1063 ingentior.
1049 1002 1179 1046 Dolet
1209 1006 1376 1046 animus
1413 1006 1456 1046 in
1487 1014 1639 1058 morte,
1677 1006 1754 1064 qui
1782 1018 1872 1047 cor-

345 1107 427 1151 pus
460 1090 659 1151 relinquit
696 1100 902 1132 amatum.
949 1087 1110 1148 Corpus
1146 1086 1323 1131 absente
1353 1089 1501 1147 spiritu
1530 1104 1608 1131 nec
1646 1087 1763 1132 dolet
1792 1104 1870 1132 nec

349 1177 487 1218 sentit.
535 1173 604 1217 At
648 1189 744 1217 cum
787 1172 874 1216 duo
906 1174 1082 1221 invicem
1126 1170 1404 1231 conglutinati
1435 1187 1516 1232 per
1557 1188 1748 1216 amorem
1774 1184 1873 1216 sunt

347 1261 498 1312 animi,
528 1269 650 1302 tanto
666 1259 868 1318 penosior
890 1268 953 1302 est
975 1258 1188 1317 separatio
1190 1287 1208 1310 ,
1227 1267 1389 1316 quanto
1409 1255 1646 1301 sensibilior
1669 1267 1732 1300 est
1755 1268 1872 1302 uter-

349 1358 430 1401 que
472 1341 658 1385 dilectus.
692 1341 751 1384 Et
779 1341 848 1384 lzic
878 1357 981 1384 sane
1007 1342 1108 1400 jam
1152 1355 1240 1383 non.
1285 1350 1412 1384 erant
1449 1343 1621 1400 spiritus
1650 1340 1763 1397 duo,·
1793 1341 1872 1385 sed

346 1425 711 1486 quemadmodum
739 1435 866 1484 putat
885 1424 1222 1484 Aristophanes,
1243 1427 1365 1466 unius
1385 1427 1557 1467 animae
1579 1424 1663 1467 duo
1689 1441 1870 1485 corpora.

335 1512 466 1567 facta
498 1520 634 1554 erant.
652 1508 810 1569 Itaque
827 1508 1159 1563 nonhrecedebat
1179 1510 1346 1551 animus
1368 1508 1427 1550 ab
1449 1512 1612 1564 animo,
1625 1509 1704 1553 sed
1725 1512 1870 1553 unicus

340 1597 508 1638 animus
545 1593 818 1637 scindebatur
854 1597 900 1636 in.
941 1592 1060 1636 duos.
1095 1591 1208 1635 Tum
1238 1608 1313 1635 cor
1341 1595 1387 1635 in
1415 1605 1558 1653 partes
1589 1594 1868 1639 dividebatur.

339 1678 499 1722 Mentis
525 1694 629 1738 pars
653 1677 773 1732 ibat,
791 1689 834 1720 et
860 1691 965 1736 pars
988 1677 1263 1731 remanebat,
1286 1687 1331 1721 et
1350 1692 1496 1721 omnes
1519 1681 1697 1722 invicem
1720 1695 1868 1723 sensus

340 1761 715 1823 disgregabantur,
744 1771 787 1804 et
817 1777 848 1803 a
876 1761 1022 1820 seipsis
1052 1759 1264 1804 discedere
1291 1759 1468 1811 flebant.
1500 1761 1606 1804 Non
1636 1766 1793 1807 mansit
1823 1766 1868 1806 in

339 1857 560 1889 amantum
557 1844 762 1903 faciebus
777 1846 992 1904 sanguinis
1011 1855 1152 1905 gutta,
1166 1846 1248 1887 nisi
1267 1843 1513 1904 lachrymae
1519 1847 1711 1902 fuissent
1736 1837 1866 1907 etge-

341 1933 477 1973 mitus.
504 1928 715 1974 Simillimi
727 1930 900 1971 mortuis
921 1927 1184 1972 videbantur.
1215 1927 1321 1985 Quis
1351 1929 1548 1984 scribere,
1568 1933 1660 1990 quis
1685 1932 1867 1987 restire,

341 2018 433 2076 quis
444 2017 626 2075 cogitare
638 2025 783 2075 posset
798 2014 966 2058 illarum
978 2017 1179 2058 mentium
1196 2014 1428 2069 molestias,
1443 2018 1523 2057 nisi
1542 2017 1615 2075 qui
1629 2015 1865 2076 aliquando

340 2099 567 2143 insanivit?
598 2098 842 2142 Laudamia
879 2098 1097 2143 recedente
1137 2098 1408 2143 Prothesilao
1448 2110 1491 2142 et
1519 2099 1582 2141 ad
1608 2115 1754 2142 sacras
1791 2099 1867 2143 Ilii

337 2200 503 2245 pugnas
534 2195 656 2228 eunte
688 2187 895 2246 exanguis
926 2184 1102 2239 cecidit,-
1137 2183 1287 2228 eadem
1313 2196 1539 2246 postquam
1560 2186 1654 2228 viris
1689 2196 1867 2229 mortem

339 2271 528 2329 agnovit,
553 2271 685 2313 vivere
711 2269 891 2330 amplius
908 2273 1076 2315 minime
1103 2272 1254 2330 potuit.
1277 2269 1391 2314 Dido
1413 2271 1651 2314 Phoenissa
1672 2282 1772 2330 post
1784 2273 1864 2326 sa-

341 2353 471 2397 talem
482 2352 650 2398 AEneae
667 2370 872 2398 recessum
895 2359 1078 2417 seipsam
1097 2358 1329 2411 interemit,
1348 2372 1425 2400 nec
1445 2356 1603 2398 Porcia
1624 2366 1723 2414 post
1740 2355 1865 2398 Bruti

341 2452 487 2481 necem
507 2437 638 2481 voluit
664 2453 890 2499 superesse.
916 2440 1042 2484 Haec
1058 2451 1204 2484 nostra
1225 2451 1451 2501 postquam
1474 2438 1674 2482 Eurialus
1691 2455 1751 2482 ex
1774 2441 1862 2483 visu

340 2525 530 2577 recessit,
555 2525 600 2567 in
625 2534 779 2567 terram
799 2525 1016 2585 collapsa,
1033 2543 1112 2586 per
1130 2526 1318 2580 famulas
1350 2537 1517 2585 recepta
1542 2536 1627 2580 est,
1651 2524 1859 2585 cubilique

340 2606 446 2650 data
470 2608 604 2652 donec
627 2621 852 2654 resumeret
869 2613 1048 2670 spiritus.
1078 2612 1133 2655 Ut
1157 2628 1252 2657 vero
1283 2612 1344 2656 ad
1370 2628 1414 2656 se
1440 2610 1591 2665 rediit,
1621 2621 1750 2654 vestes
1775 2626 1859 2652 au·-

340 2705 434 2735 reas
463 2709 778 2755 purpureasque
810 2707 852 2740 et
880 2712 1046 2741 omnem
1076 2697 1262 2743 laetitiae
1293 2708 1489 2742 ornatum
1519 2695 1709 2749 reclusit,
1736 2693 1859 2755 pelli-
