1890 3081
470 374 1314 475 CATALOGO

403 574 537 604 DELLE
562 574 812 606 PRINCIPALI
836 574 1037 606 EDIZIONI
1061 575 1087 605 E
1112 574 1384 606 TRADUZION!

189 701 472 761 BELLA
519 701 841 762 STORIA
889 702 981 761 DI
1026 702 1200 762 nUE
1246 704 1595 765 AMANT!

598 877 1186 914 -εῡοᾱόιοοω-α

705 1229 775 1276 IN
806 1229 1074 1279 LATINO

127 1381 258 1427 Euee
286 1380 436 1444 Silvij
449 1388 596 1446 poete
632 1375 831 1429 Senbsis
860 1384 925 1429 da
962 1383 1088 1430 duob
1116 1381 1356 1429 afflatibus
1379 1380 1585 1429 Earialo
1612 1392 1655 1430 et

192 1473 431 1520 szresia
457 1470 690 1538 opusc-ulii
716 1474 782 1519 acl
814 1469 1056 1521 ,Μανίαηὶὶ
1094 1463 1276 1520 Socim]
1297 1469 1514 1533 feliciter
1540 1475 1657 1519 inci-

185 1566 278 1627 pit.
302 1563 579 1626 Praefatio.
605 1562 668 1610 Ιη
694 1560 765 1608 4⁰

180 1689 375 1731 Edizione
404 1689 677 1732 antichissima
706 1690 756 1730 ed
785 1695 902 1733 avuta
933 1689 975 1730 in
1005 1696 1123 1732 conto
1153 1690 1258 1732 della
1294 1690 1435 1746 prima.
1474 1688 1658 1731 Consiste

126 1758 168 1799 in
200 1758 252 1798 36
281 1758 451 1815 foglietti
481 1759 522 1799 in
553 1758 615 1799 cui
644 1758 682 1799 le
713 1757 859 1814 pagine
888 1758 1032 1799 intiere
1061 1772 1161 1800 sono
1192 1758 1232 1799 di
1264 1758 1462 1812 271inee:
1493 1758 1507 1799 i
1537 1763 1660 1799 carat-

128 1827 201 1868 teri
233 1840 332 1868 sono
364 1826 483 1882 quelli
514 1825 553 1867 di
584 1826 721 1869 Ulrico
753 1826 848 1867 zell.
880 1826 1052 1883 Leggesi
1084 1826 1120 1868 al
1151 1832 1252 1867 recto
1274 1825 1505 1867 dell⁷ultim0
1535 1825 1659 1882 foglio

127 1894 233 1951 dopo
262 1894 302 1936 la
339 1894 416 1945 145¹
446 1894 552 1936 linea
583 1900 723 1950 questa
744 1894 1071 1936 sottoscrizione:
1097 1895 1297 1950 Explicuit
1315 1897 1536 1950 opusculum
1557 1894 1658 1936 Enee

127 1963 250 2012 Silm'j
278 1964 324 2005 de
353 1964 499 2004 duobus
530 1965 756 2005 amantibus.

182 2031 423 2073 L’edizione
453 2031 492 2072 di
527 2031 652 2074 Roma
690 2031 730 2073 di
768 2030 939 2076 Wendel
978 2031 1028 2073 da
1058 2030 1194 2088 Willa,
1232 2031 1350 2088 1475,
1380 2032 1421 2073 in
1451 2033 1539 2088 4⁰,
1571 2033 1592 2075 ὲ
1622 2033 1662 2077 la

127 2100 255 2157 prima
285 2115 358 2143 con
381 2101 491 2155 data,
522 2099 717 2157 perocchb
749 2100 881 2157 quella
911 2100 950 2143 di
981 2100 1106 2157 Most,
1135 2102 1253 2157 1473,
1283 2101 1317 2144 si
1348 2101 1455 2144 tiene
1477 2115 1549 2158 per
1568 2116 1660 2159 sup-

127 2175 257 2224 posta.

128 2359 318 2409 AEneas
346 2360 543 2408 Silvius.
570 2361 753 2426 Incipit
786 2367 1028 2410 tractatus
1066 2363 1126 2409 de
1165 2364 1351 2409 dnobus
1378 2379 1429 2409 se
1456 2364 1662 2408 invicem

196 2452 511 2517 diliqentibns
537 2455 828 2517 compositus
838 2469 932 2518 per
953 2454 1198 2500 dominum
1218 2453 1402 2500 Eneam
1425 2450 1660 2515 sylvium,

197 2541 267 2588 4⁰
291 2543 490 2607 piccolo.

185 2656 323 2698 Amica
354 2657 535 2698 edizione
567 2670 687 2699 senza
717 2657 826 2712 cifre,
856 2657 906 2698 ηὲ
937 2656 1117 2699 richiami
1150 2674 1172 2698 0
1205 2663 1431 2712 segnature,
1463 2655 1504 2696 in
1535 2660 1660 2697 carat-

129 2724 201 2765 teri
233 2724 390 2765 rotondi
422 2725 526 2767 assai
566 2724 790 2781 grossulani
830 2724 869 2765 di
910 2724 961 2764 28
999 2724 1103 2766 linee
1136 2739 1205 2781 per
1238 2725 1396 2780 pagina.
1443 2723 1473 2763 11
1506 2722 1663 2763 volume

129 2791 200 2833 che
232 2792 271 2834 in
301 2799 401 2835 tutto
432 2794 453 2834 ὲ
485 2793 522 2834 di
553 2794 606 2845 4ο
638 2793 807 2850 foglietti
839 2792 1008 2838 dividesi
1041 2793 1082 2836 in
1113 2793 1188 2835 due
1220 2793 1340 2849 parti:
1364 2793 1402 2835 la
1425 2791 1550 2848 prima
1573 2804 1664 2832 eon-
