2023 3091
562 175 642 219 116

432 261 624 320 quintam
654 262 698 301 in
735 258 822 299 vico
860 248 1061 292 Eurialus
1092 261 1215 304 esset,
1244 260 1534 311 spectaretque
1556 251 1671 306 ‚bene
1701 256 1739 296 si
1766 265 1946 298 cantan-

432 353 515 386 tem
545 338 792 385 Pandalum
837 331 1015 375 audiret.
1064 331 1252 376 Abierat
1293 332 1540 386 stIenclaus,
1569 335 1746 395 jamque
1785 338 1947 380 coelum

430 430 561 469 noctis
591 421 867 464 obduxerant
898 415 1111 459 tenebrae.
1143 416 1304 459 Mulier
1327 419 1371 459 in
1401 416 1528 460 cubili
1551 428 1712 478 tempus
1731 422 1945 464 manebat.

430 506 626 552 Eurialus
656 514 756 546 ante
783 504 911 557 fores
943 512 1054 556 erat,·
1089 503 1334 561 signumque
1373 502 1639 557 morabatur,
1667 520 1745 546 nec
1777 516 1947 548 cantum

427 589 630 634 audiebat
653 604 731 632 nec
762 597 985 630 screatum.
1033 585 1138 628 Jam
1181 588 1462 646 praeterierat
1500 586 1626 640 liora,
1664 599 1706 630 et
1736 599 1782 630 ut
1811 588 1948 632 abiret

425 673 626 716 Eurialus
662 671 875 716 suadebat
906 671 1068 725 Nisus,
1111 669 1386 731 delusumque
1432 669 1614 714 dicebat.
1658 671 1824 715 Durum
1854 683 1949 716 erat

422 760 589 801 amanti
606 757 798 801 recedere
807 773 825 812 ,·
855 766 896 799 et
926 771 1037 798 nunc
1069 771 1218 808 unam,
1248 771 1359 798 nunc
1385 755 1518 797 aliam
1543 772 1716 798 causam
1742 758 1947 801 manendi

422 842 669 903 quaerebat.
699 841 806 884 Non
835 840 1020 884 canebat
1050 839 1297 894 Pandalus,
1323 843 1426 901 quia
1452 839 1647 884 Menelai
1652 844 1803 897 frater
1831 842 1951 886 domi

423 937 657 980 manserat,
688 936 732 969 et
765 941 912 968 omnes
956 924 1096 967 aditus
1126 924 1414 978 scrutabatur,
1456 943 1508 968 ne
1553 925 1656 986 quid
1698 926 1948 971 insidiarum

422 1011 557 1066 lieret,
586 1022 832 1071 noctemque
854 1008 1054 1052 trahebat
1074 1011 1321 1052 insomnem.

484 1095 563 1140 Cui
589 1094 833 1138 Pandalus:
852 1093 1178 1153 Numquamne,
1207 1094 1360 1152 inquit,
1385 1093 1465 1136 hac
1490 1104 1612 1136 nocte
1633 1094 1834 1137 cubatum
1864 1095 1945 1138 ibi·

423 1181 548 1223 mus?
573 1179 680 1222 Jam
696 1196 790 1222 nox
815 1177 1000 1221 medium
1015 1177 1107 1236 poli
1123 1175 1382 1219 transcendit
1399 1194 1548 1230 axem,
1578 1189 1619 1220 et
1636 1196 1700 1221 me
1713 1182 1852 1238 gravis
1871 1196 1946 1223 oc-
1993 1201 1998 1206 ·

424 1275 553 1324 cupat
567 1280 750 1307 somnus.
771 1263 885 1305 Miro
909 1273 947 1304 te
966 1278 1057 1304 eum
1067 1263 1236 1321 juvenis
1251 1262 1306 1302 sis
1322 1263 1429 1302 senis
1448 1261 1606 1304 habere
1623 1274 1840 1316 naturam,
1854 1267 1945 1323 qui-

425 1339 503 1390 bus
518 1351 684 1390 siccitas
701 1363 896 1390 somnum
911 1348 1068 1403 aufert,
1090 1362 1167 1388 nec
1189 1361 1376 1405 unquam
1393 1344 1608 1388 dormiunt
1627 1348 1708 1388 nisi
1725 1347 1949 1406 paululum

423 1443 522 1475 ante
539 1431 669 1485 diem,
695 1449 790 1474 cum
806 1447 950 1473 currus
976 1430 1154 1473 volvitur
1176 1430 1515 1489 septentrionalis
1541 1430 1731 1485 Iielices,
1751 1448 1845 1474 cum
1851 1434 1949 1492 jam

423 1527 584 1576 tempus
601 1527 707 1559 esset
722 1515 930 1576 surgendi.
947 1514 1107 1556 Eamus
1117 1517 1211 1574 jam
1230 1514 1402 1557 tandem
1415 1514 1658 1569 dornu'tum5
1674 1515 1778 1575 quid
1788 1516 1870 1558 sibi
1881 1533 1949 1560 νο-

422 1601 514 1642 lunt
530 1601 611 1643 liae
631 1599 1063 1659 vigiliaeP—Eamus,
1078 1601 1214 1659 inquit
1225 1598 1545 1658 Agamemnon,
1561 1601 1598 1640 si
1612 1599 1689 1641 tibi
1701 1602 1758 1642 sic
1775 1600 1946 1644 videtur.

421 1683 571 1727 Antea
587 1695 730 1726 tamen
745 1682 1032 1742 inspiciendae
1049 1694 1148 1725 sunt
1149 1684 1272 1738 sores
1289 1699 1347 1724 an
1364 1685 1465 1724 satis
1471 1681 1680 1740 firmatae
1696 1685 1797 1736 sint,
1812 1701 1864 1726 ne
1864 1687 1948 1739 su-

421 1769 535 1811 ribus
547 1778 740 1827 pateant.
757 1793 816 1800 —-
839 1766 1111 1827 Veniensque
1137 1767 1199 1808 ad
1217 1770 1368 1809 ostium
1384 1783 1496 1809 nunc
1514 1784 1664 1821 unam,
1687 1785 1798 1810 nunc
1814 1768 1948 1810 aliam

419 1870 559 1897 seram
572 1852 762 1896 admovit
776 1863 820 1895 et
831 1852 1049 1913 pessulum
1066 1851 1245 1895 addidit.
1264 1851 1376 1895 Erat
1391 1851 1473 1894 illic
1490 1855 1633 1912 ingens
1632 1854 1802 1909 firrum
1805 1886 1822 1907 ,
1833 1853 1950 1914 quod

420 1940 495 1981 vix
523 1936 609 1980 duo
636 1947 839 1997 poterant
861 1936 1046 1990 elevare,
1078 1953 1162 1997 quo
1187 1953 1513 1996 nonnumquam
1538 1939 1689 1978 ostium
1719 1936 1949 1980 claudeba-

421 2032 514 2076 tur,·
534 2020 651 2080 quod
667 2031 896 2080 postquam
918 2018 1220 2079 Agamemnon
1245 2035 1408 2062 movere
1437 2036 1523 2061 non
1547 2000 1706 2079 potuit:
1730 2019 1847 2063 Juva
1863 2037 1948 2074 nze,

420 2107 573 2165 inquit,
601 2104 803 2148 Pandale
819 2123 835 2145 .·
864 2105 1165 2149 admoveamus
1177 2107 1346 2161 ferrum
1363 2105 1442 2146 lmc
1463 2108 1591 2157 ostio,
1612 2116 1699 2146 tum
1719 2104 1945 2147 dormitum

420 2188 872 2232 ibimus.—Azallebat
893 2189 970 2232 hos
996 2205 1209 2232 sermones
1226 2188 1455 2242 Eurialus5
1473 2200 1514 2231 et
1540 2199 1681 2230 actum
1697 2200 1775 2242 est,
1796 2192 1945 2231 tacitus

419 2276 495 2333 ait²
525 2276 561 2316 si
585 2273 663 2316 Ῐιοε
673 2275 991 2330 ferramentum
1008 2273 1262 2334 adjungitur.
1280 2300 1338 2306 —
1356 2273 1466 2315 Tum
1487 2271 1714 2315 Pandalus
1727 2291 1741 2314 .·
1770 2271 1888 2330 Quid
1901 2284 1944 2316 tu

415 2373 548 2417 paras
579 2357 907 2417 Agamemnon?
954 2370 1173 2419 tamquam
1217 2358 1366 2400 domus
1398 2356 1635 2400 obsidenda
1666 2360 1748 2410 sit,
1767 2356 1943 2416 firmare

419 2445 571 2484 ostium
605 2457 751 2501 paraS.
784 2441 864 2484 An
909 2453 1001 2484 tuta
1036 2460 1177 2485 sumus
1209 2445 1253 2485 in
1284 2441 1487 2484 civitate?
1526 2441 1724 2484 Libertas
1762 2441 1827 2483 hic
1865 2452 1945 2495 est,

419 2537 460 2569 et
491 2529 606 2586 quies
637 2526 831 2569 omnibus
858 2526 1021 2569 eadem.
1059 2527 1167 2570 Tum
1199 2528 1337 2570 hostes
1362 2525 1512 2586 procul
1541 2537 1638 2568 sunt
1667 2525 1818 2586 quibus
1849 2541 1944 2567 cum

419 2612 575 2655 bellum
596 2615 777 2673 gerimus
803 2611 1049 2656 Florentini.
1082 2612 1265 2670 Sifures
1301 2617 1436 2667 times,
1480 2623 1549 2654 sat
1577 2611 1766 2654 clausum
1797 2621 1870 2653 est.
1896 2607 1946 2652 Si

418 2697 575 2752 hostes,
605 2696 712 2740 nilzil
739 2708 802 2740 est
841 2697 959 2758 quod
989 2701 1033 2741 in
1065 2699 1145 2741 hac
1176 2698 1304 2742 domo
1336 2709 1374 2740 te
1405 2699 1540 2757 possit
1571 2699 1688 2739 tueri.
1731 2695 1821 2756 Ego
1860 2694 1940 2737 hac

419 2792 539 2822 nocte
569 2797 654 2824 non
686 2780 837 2823 subibo
857 2781 936 2824 hoc
968 2798 1092 2833 onus,
1111 2785 1213 2841 quia
1237 2780 1434 2841 scapulas
1459 2779 1604 2833 doleo,
1635 2791 1677 2824 et
1706 2781 1821 2838 infi'a
1849 2794 1940 2833 sum
