2023 3091
564 165 574 192 ι
593 166 640 191 12

437 245 475 277 te
499 232 730 286 desiderat,
760 243 798 273 te
813 242 978 287 semper
998 229 1163 286 cogitat.
1190 226 1329 288 Saepe
1351 244 1417 270 me
1442 231 1646 272 vocitans:
1665 230 1771 273 audi
1786 245 1954 291 precor,

435 317 629 370 Euriale,
659 316 782 358 dixit.
815 311 883 355 Sic
915 310 1066 354 mulier
1098 327 1159 354 ea:
1188 327 1333 355 amore
1371 322 1536 354 mutata
1568 323 1647 365 est,
1671 324 1715 356 ut
1740 316 1837 374 jam
1867 330 1955 357 non

434 403 585 446 eadem
616 398 818 442 videatur.
852 396 955 440 Iieu
983 399 1141 456 pietas,
1172 396 1254 440 lieu
1284 396 1442 439 dolor!
1473 393 1610 440 Nulla
1638 400 1755 457 prius
1776 401 1821 441 in
1852 399 1955 442 urbe

434 499 523 530 tota
548 484 612 527 vel
641 485 798 525 castior
827 481 894 525 vel
920 481 1172 542 prudentior
1196 482 1394 525 Lucretia
1421 483 1516 535 fuit.
1541 482 1661 524 Mira
1682 497 1766 536 res,
1796 485 1834 525 si
1863 494 1958 527 tan-

434 582 519 612 tum
547 569 659 626 juris
690 577 849 609 natura
879 565 999 609 dedit
1027 569 1167 609 amori
1197 569 1242 608 in
1274 577 1433 609 mentes
1466 581 1659 608 umanas.
1692 564 1957 609 Medendum

432 663 494 695 est
509 652 604 694 huic
621 651 885 712 aegritudini.
912 652 964 694 N
961 669 1007 695 ec
1038 653 1129 695 alia
1161 667 1264 694 cura
1285 663 1364 705 est,
1384 653 1467 694 nisi
1489 667 1619 711 quam
1636 662 1680 693 tu
1703 654 1958 694 monstrasti.

434 734 670 795 Accingam
694 753 760 779 me
786 737 881 779 huic
913 739 1050 796 operi,
1081 747 1203 796 teque
1235 735 1336 778 dum
1367 747 1530 795 tempus
1555 738 1634 778 erit
1669 739 1959 790 commonefiz-

432 825 555 865 ciam.
586 822 680 864 Nec
718 838 778 864 ex
809 833 848 864 te
875 824 1061 881 gratiam
1090 836 1271 882 quaem,
1301 823 1511 881 quianon
1549 831 1611 863 est
1643 819 1825 876 officium
1857 820 1962 863 boni

433 910 528 961 viri,
560 923 654 949 cum
680 906 744 948 his
776 906 882 948 nihil
909 917 1221 965 promereatur,
1242 909 1426 966 gratiam
1443 921 1630 965 poscere.
1656 904 1748 964 Ego
1764 915 1810 947 ut
1837 907 1962 948 vitem

432 994 657 1049 infamiam
700 1001 872 1033 nostrae
915 992 1201 1034 imminentem
1224 990 1449 1048 familiae,
1496 990 1575 1032 Ῐιοσ
1621 1006 1723 1050 ago,
1752 1005 1829 1032 nec
1869 1006 1963 1031 sum

431 1074 754 1137 praemiandus.
779 1102 840 1108 -——

495 1160 563 1204 At
583 1164 694 1204 enim
715 1159 918 1203 Eurialus
946 1161 1103 1220 inquit:
1119 1157 1211 1218 Ego
1243 1157 1309 1201 vel
1337 1161 1396 1200 sic
1422 1158 1497 1201 tibi
1511 1161 1696 1217 gratiam
1726 1157 1865 1201 liabeo
1877 1189 1893 1211 ,
1915 1168 1966 1210 ,et

435 1249 574 1290 creari
612 1258 651 1288 te
685 1244 909 1299 Comitem,
938 1255 984 1287 ut
998 1243 1157 1286 dictum
1188 1253 1269 1297 est,
1284 1245 1484 1298 faciam,
1507 1242 1633 1286 modo
1661 1254 1706 1285 tu
1721 1242 1966 1302 dignitatem

435 1334 561 1374 istam
584 1347 673 1373 non
688 1329 1054 1390 spernas.—-Non
1077 1344 1249 1388 sperno,
1279 1329 1417 1388 inquit
1432 1326 1680 1380 Pandalus,
1695 1325 1773 1368 sed
1794 1342 1848 1369 ne
1865 1326 1963 1368 hinc

434 1417 628 1475 prosecta
659 1417 712 1456 sit
742 1414 850 1456 volo,
883 1412 933 1456 St
961 1423 1138 1456 ventura
1169 1423 1249 1466 est,
1279 1411 1409 1454 libere
1436 1414 1588 1455 veniat.
1605 1410 1731 1454 Nihil
1759 1427 1833 1472 ego
1865 1426 1968 1453 con-

436 1499 641 1543 ditionale
657 1501 798 1555 jacio.
821 1497 870 1541 Si
880 1500 1087 1558 potuisset
1105 1497 1202 1552 hoc,
1217 1508 1256 1540 te
1282 1499 1510 1550 nesciente,
1523 1496 1621 1556 fieri
1645 1512 1742 1538 mea
1766 1506 1813 1538 ut
1836 1511 1968 1556 opera

438 1584 558 1646 apud
586 1584 827 1627 Lucretiam
859 1599 992 1637 esses,
1023 1582 1219 1626 libentius
1237 1581 1283 1624 id
1308 1585 1492 1641 egissem.
1523 1581 1572 1623 V
1568 1580 1773 1624 ale.—Et
1790 1592 1834 1622 tu
1852 1579 1965 1633 vale,

438 1669 578 1712 retulit
594 1668 807 1711 Eurialus.
833 1667 1074 1727 Postquam
1106 1669 1296 1709 animum
1327 1664 1564 1718 reddidisti,
1579 1666 1683 1721 sac,
1705 1663 1839 1724 finge,
1853 1666 1968 1706 inve-

439 1756 503 1807 ni,
519 1753 634 1812 cffice
652 1763 697 1794 ut
717 1750 840 1794 simul
855 1754 995 1793 simus.
1012 1777 1071 1783 —
1084 1750 1324 1803 Laudabis,
1334 1752 1468 1810 inquit
1483 1748 1729 1801 Pandalus,
1741 1774 1798 1780 -—
1814 1747 1969 1808 laetus-

439 1854 520 1898 que
543 1837 649 1879 abiit
673 1853 804 1897 quam
829 1837 938 1878 tanti
962 1838 1038 1877 viri
1057 1838 1242 1894 gratiam
1267 1820 1489 1877 invenisset
1497 1851 1514 1888 ,·
1547 1845 1634 1875 tum
1654 1849 1785 1892 quam
1815 1849 1858 1875 se
1870 1834 1970 1892 jam

441 1925 646 1965 Comitem
686 1938 773 1964 esse
812 1920 1026 1981 sperabat.
1069 1919 1196 1979 Cujus
1236 1918 1452 1978 dignitatis
1493 1929 1611 1960 tanto
1651 1927 1744 1960 erat
1781 1915 1970 1969 avidior,

441 2019 602 2067 quanto
636 2023 678 2049 se
695 2008 832 2048 minus
863 2021 1014 2065 cupere
1040 2003 1375 2047 demonstrabat.
1409 2001 1518 2046 Sunt
1543 2005 1652 2044 enim
1670 2002 1859 2043 homines
1879 2002 1972 2060 qui-

441 2090 544 2133 dam
566 2102 611 2133 ut
635 2090 846 2143 mulieres,
865 2105 976 2150 quae
999 2105 1093 2131 cum
1115 2090 1304 2130 maxime
1326 2086 1439 2128 nolle
1465 2085 1609 2128 dicunt
1620 2117 1637 2137 ,
1668 2096 1756 2127 tum
1780 2086 1970 2126 maxime

443 2176 599 2219 volunt.
623 2176 708 2218 IIic
735 2176 934 2218 lenocinii
952 2173 1140 2217 mercede
1167 2176 1333 2216 sortitus
1363 2182 1424 2214 est
1443 2170 1716 2223 Comitatum,
1731 2181 1773 2213 et
1795 2184 1972 2212 auream

445 2260 608 2303 bullam
639 2277 740 2302 suae
775 2259 1007 2302 nobilitatis
1043 2260 1271 2319 posteritas
1302 2254 1622 2299 demonstrabit.

505 2344 563 2388 In
580 2344 799 2387 nobilitate
817 2344 937 2386 multi
952 2355 1050 2386 sunt
1060 2339 1238 2403 gra'dus,
1254 2344 1313 2384 mi
1328 2340 1555 2394 Blariane3
1576 2349 1616 2381 et
1632 2355 1735 2381 sane
1752 2341 1788 2380 si
1803 2336 1971 2398 cujusli-

446 2430 518 2474 bet
538 2431 741 2489 originem
757 2444 961 2487 quaeras,
975 2430 1081 2470 sicut
1097 2443 1192 2469 mea
1217 2427 1424 2469 sententia
1424 2426 1520 2480 fert
1530 2455 1546 2476 ,
1563 2434 1639 2464 aut
1659 2422 1798 2464 nullas
1814 2420 1973 2463 nobili-

447 2527 554 2559 tates
571 2517 772 2568 invenies,
787 2522 864 2556 aut
878 2513 1110 2556 admodum
1123 2529 1306 2573 paucas,
1318 2510 1435 2573 quod
1448 2509 1695 2552 sceleratum
1711 2523 1797 2550 non
1814 2507 1974 2549 habue-

448 2605 532 2646 rint
548 2611 698 2643 ortum.
717 2597 821 2643 Cum
839 2614 925 2641 non
943 2598 1018 2640 lios
1050 2597 1134 2640 dici
1149 2597 1310 2640 nobiles
1327 2594 1540 2639 videamus
1565 2595 1639 2653 qui
1653 2592 1803 2635 divitiis
1833 2590 1973 2633 abun-

448 2686 556 2730 dant
566 2704 581 2741 ,·
611 2685 781 2728 divitiae
813 2699 908 2727 vero
942 2699 1041 2726 raro
1072 2686 1231 2726 virtutis
1261 2693 1360 2725 sunt
1388 2681 1584 2723 comites:
1619 2680 1711 2738 quis
1742 2692 1831 2719 non
1860 2673 1974 2719 videt

450 2783 586 2814 ortum
610 2787 697 2814 esse
718 2769 949 2814 nobilitatis
981 2767 1259 2826 degenerem?
1287 2765 1416 2809 [Iunc
1447 2778 1599 2807 usurae
1621 2761 1830 2805 ditarunt:
1855 2759 1973 2802 illum
