2023 3091
549 185 599 224 52

434 274 522 306 mm
559 262 704 307 volunt
733 262 876 305 literae
908 272 1046 309 meae,
1076 266 1122 298 ut
1150 273 1260 316 quae
1280 257 1414 300 scribo
1447 257 1583 300 dicere
1610 261 1766 317 possim
1796 274 1939 302 coram

434 359 485 392 te.
518 347 617 391 Hoc
649 349 686 390 si
703 346 798 396 das,
835 344 924 384 vivo
952 351 993 383 et
1017 340 1142 397 felix
1173 346 1288 397 νι’νο,·
1319 345 1383 385 sin
1408 358 1555 402 negas,
1585 344 1839 401 extinguitur
1867 359 1941 386 cor

432 448 567 475 meum
587 463 602 484 ,
633 427 748 489 quod
776 436 814 467 te
857 426 988 485 magis
1013 441 1142 484 quam
1179 443 1243 469 me
1275 437 1424 469 amat:
1457 442 1530 486 ego
1563 442 1627 470 me
1659 427 1736 469 tibi
1763 439 1805 471 ec
1839 439 1936 472 tuae

432 518 644 559 committo
666 508 786 562 fidei.
818 508 930 553 Vale
956 511 1126 553 animae
1151 523 1194 554 ec
1223 514 1330 555 vitae
1360 509 1587 554 subsidicun
1617 527 1748 555 meae.

482 931 581 974 Has
612 930 686 974 ubi
709 945 877 990 gemma
900 933 1086 990 signatas
1109 936 1270 993 accepit
1299 932 1423 986 lena,
1437 935 1601 989 festino
1629 948 1748 975 cursu
1779 932 1932 977 Lucre-

422 1018 525 1058 tiam
552 1017 689 1076 pelit3
714 1031 848 1075 eaque
879 1013 973 1057 sola
999 1016 1196 1057 inventa:
1229 1016 1362 1060 Hanc
1393 1017 1469 1059 tibi
1500 1016 1748 1077 epistolam,
1782 1020 1933 1078 inquit,

421 1110 512 1143 tota
540 1115 741 1143 caesarea
757 1098 942 1142 nobilior
966 1109 1010 1141 et
1021 1100 1236 1157 potentior
1249 1102 1364 1141 curia
1381 1103 1502 1142 mittit
1516 1111 1707 1155 amator,
1723 1112 1847 1162 utque
1868 1104 1934 1144 sui

422 1195 460 1227 le
484 1187 679 1228 misereat
693 1186 854 1244 magnis
883 1183 1080 1243 precibus
1095 1192 1226 1242 rogat.
1244 1208 1299 1214 ——
1322 1181 1430 1224 Erat
1445 1183 1647 1226 lenocinio
1667 1197 1817 1228 notata
1836 1203 1932 1228 mu-

421 1268 523 1323 lier‚·
547 1285 624 1311 nec
647 1267 693 1310 id
717 1267 959 1310 Lucretiam
983 1267 1146 1309 latebat
1167 1285 1181 1307 :
1216 1265 1545 1326 permolesteque
1577 1267 1669 1309 tulit
1699 1269 1932 1324 assandam

413 1354 647 1405 foeminam
666 1351 729 1394 ad
755 1368 798 1394 se
831 1353 966 1406 mitti5
997 1362 1124 1411 atque
1149 1354 1190 1392 in
1225 1367 1319 1392 eam
1341 1367 1482 1392 versa:
1511 1349 1633 1407 Quae
1659 1362 1717 1405 te,
1741 1355 1827 1407 ait,
1846 1369 1931 1396 sce-

417 1435 543 1489 lesta,
567 1439 610 1478 in
635 1435 746 1478 lianc
767 1433 938 1477 domum
959 1433 1144 1476 audacia
1175 1432 1325 1476 duxit?
1362 1432 1483 1489 Quae
1511 1445 1549 1476 te
1569 1433 1780 1478 clemencia
1810 1435 1928 1479 adire

416 1535 556 1562 meam
582 1521 870 1580 praesentiam
895 1519 1065 1560 suasit?
1094 1517 1160 1560 Tu
1186 1517 1387 1560 nobilium
1414 1517 1540 1560 aedes
1565 1517 1747 1578 ingredi,
1771 1529 1814 1561 tu
1835 1536 1929 1562 ma-

417 1613 560 1646 tronas
592 1614 754 1646 tentare
777 1612 988 1662 potentes,
1018 1613 1059 1645 et
1082 1601 1237 1645 violare
1263 1600 1402 1644 studes
1427 1601 1628 1661 legitimas
1643 1603 1804 1657 fizces?
1833 1602 1881 1647 V
1878 1605 1928 1646 ix

415 1704 480 1730 me
497 1689 688 1730 contineo
706 1690 806 1746 quin
825 1702 975 1728 manus
991 1688 1038 1727 in
1069 1685 1245 1744 capillos
1273 1685 1484 1728 involvam
1508 1697 1611 1728 tuos.
1633 1684 1678 1727 ,T
1674 1703 1700 1728 ιι
1724 1686 1827 1728 mihi
1854 1685 1928 1730 des

415 1771 591 1814 liceras?
617 1783 660 1814 tu
684 1787 750 1813 me
777 1770 1042 1830 alloquaris?
1075 1782 1118 1812 zu
1139 1787 1204 1814 me
1226 1771 1452 1830 respicias?
1476 1770 1574 1813 Nisi
1592 1769 1689 1830 plus
1719 1769 1836 1832 quod
1861 1788 1928 1815 me

413 1853 534 1898 decet
563 1853 843 1908 attenderem,
868 1870 998 1914 quam
1029 1853 1146 1914 quod
1165 1855 1241 1896 tihi
1262 1857 1480 1907 convenit,
1512 1853 1718 1913 cfficerem
1734 1854 1856 1898 hodie
1873 1872 1926 1899 ne

409 1950 508 1999 post
543 1939 625 1982 hac
657 1938 838 1982 tabellas
875 1940 1107 1981 amatorias
1118 1940 1272 1994 serres.
1309 1937 1336 1980 I
1354 1941 1485 1991 ocius,
1517 1938 1719 2000 venefica,
1749 1950 1925 2000 tuasque

413 2023 555 2066 liceras
582 2035 718 2066 tecum
737 2023 875 2081 defier:
904 2026 1030 2066 immo
1050 2022 1109 2065 da
1118 2026 1258 2082 potius
1275 2033 1319 2065 ut
1349 2023 1529 2065 lacerem
1565 2025 1730 2082 ignique
1755 2023 1923 2067 dedam.

414 2105 742 2168 (Arripiensque
769 2123 1000 2167 papyrum,
1027 2110 1070 2150 in
1099 2118 1241 2167 partes
1269 2106 1452 2150 diversas
1476 2106 1618 2159 scidit,-
1649 2118 1690 2149 ec
1715 2106 1925 2149 calcatam

410 2206 537 2249 saepe
566 2190 744 2250 pedihus
774 2202 899 2251 atque
931 2201 1178 2250 consputam
1206 2193 1249 2233 in
1265 2193 1445 2234 cinerem
1468 2191 1671 2250 projecit.)
1698 2188 1769 2232 Ac
1785 2193 1842 2232 sic
1869 2189 1923 2234 de

409 2284 449 2318 ee
473 2277 583 2317 sumi
601 2275 867 2335 supplicium,
889 2276 1016 2329 lena,
1031 2275 1224 2328 deberet,
1248 2278 1341 2335 igne
1366 2292 1493 2335 quam
1519 2277 1613 2316 vino
1636 2273 1810 2334 dtgnior.
1836 2272 1926 2318 Sed

408 2358 484 2401 abi
511 2361 658 2412 ocius,
688 2376 739 2401 ne
763 2370 800 2402 te
827 2362 889 2403 vir
918 2363 1103 2403 inveniat
1130 2376 1245 2402 meus
1262 2391 1279 2412 ,
1309 2370 1350 2401 et
1376 2374 1482 2419 quas
1512 2358 1588 2400 tibi
1617 2357 1668 2400 de
1701 2369 1740 2401 tc
1769 2368 1921 2418 poscat

406 2457 581 2499 poenas.
599 2441 836 2503 Caveloque
859 2443 1108 2498 admodum,
1123 2459 1175 2487 ne
1196 2454 1294 2486 ante
1313 2453 1577 2502 conspectum
1598 2440 1747 2485 redeas
1768 2457 1918 2484 meum.

476 2692 516 2733 T
513 2696 697 2736 inruisset
721 2692 810 2736 alia
837 2693 1010 2748 mulier5
1026 2694 1102 2736 sed
1125 2695 1230 2737 hacc
1250 2704 1538 2737 matronarum
1559 2702 1733 2734 noverat
1758 2705 1892 2732 mores
1902 2723 1918 2744 ,

409 2786 446 2815 a‘!
479 2778 590 2817 iutra
628 2793 669 2819 se
701 2780 857 2837 inquit:
886 2777 1014 2819 Nunc
1040 2781 1096 2820 vis
1134 2780 1324 2820 maxime
1355 2777 1470 2836 quod
1501 2788 1539 2818 te
1571 2774 1682 2818 nolle
1719 2773 1914 2818 ostendis.
