2023 3091
537 153 593 210 98

413 250 546 279 coena
578 238 779 279 instructa
810 235 872 275 sit.
905 227 1194 272 Gaudendum
1226 239 1295 289 est·
1318 229 1418 271 dum
1450 230 1574 272 herus
1608 231 1741 275 abest,
1774 234 1931 278 lllsslius

412 332 474 363 est
504 319 624 364 nohis
656 335 749 363 cum
789 313 963 356 domina
996 327 1126 372 qnam
1157 329 1251 355 cnm
1295 313 1379 356 illo.
1421 312 1546 356 Ilaec
1575 315 1768 374 jucunda
1800 329 1860 360 est
1893 329 1933 361 et

408 403 690 462 perliberalis,
715 397 782 439 ille
817 393 1064 448 iracundus,
1095 395 1374 450 clamorosus,
1403 412 1576 451 avarus,
1599 395 1791 457 difficilis.
1813 399 1935 442 qun-

409 505 537 548 quam
569 484 687 527 nohis
720 480 826 523 bene
859 491 922 523 est
951 479 1051 522 dum
1078 479 1149 523 itte
1180 480 1314 523 adest.
1342 479 1475 524 Vides
1501 497 1554 524 ne
1581 493 1745 525 ventres
1770 494 1933 526 nostros

408 587 535 630 quam
574 568 716 626 iniquo
749 567 927 625 castigat
971 563 1128 618 medio,
1159 567 1234 625 qui
1267 581 1432 625 semper
1469 568 1597 608 esurit
1636 577 1682 608 ut
1712 581 1790 608 nos
1806 570 1935 622 fame

407 651 587 697 cruciet?
607 649 702 693 Nec
717 651 816 692 sinit
832 647 1023 692 muscida
1033 651 1185 706 frusta
1217 648 1402 692 caerulei
1436 652 1563 710 panis
1599 653 1814 704 consumi,
1857 650 1936 694 sed

403 739 640 780 hesternum
664 733 853 778 munical
881 745 1021 777 servat
1046 736 1089 776 in
1121 750 1333 788 mensam,
1364 737 1567 794 uniusque
1586 751 1744 777 coenae
1766 733 1933 794 syluros

402 833 441 863 et
459 819 669 880 anguillas
700 818 837 861 salsas
868 821 913 861 in
943 818 1128 861 alteram
1157 817 1315 876 differ-tr,
1347 830 1388 862 et
1419 830 1645 862 numerata
1667 819 1749 878 sila
1775 819 1929 863 sectilis

396 908 532 965 porri,
556 921 608 947 ne
640 903 745 964 quid
774 914 1018 962 tangamus,
1036 907 1203 963 signata
1236 903 1437 947 recludit„
1457 904 1593 947 Miser
1615 907 1691 965 qui
1716 921 1794 965 per
1824 905 1930 949 haec

396 1001 607 1033 tormenta
639 991 807 1050 quaerit
827 986 1013 1030 diuitias!
1034 987 1153 1029 Nam
1184 987 1290 1048 quid
1307 988 1470 1032 stultius
1496 1006 1626 1049 quam
1653 992 1785 1033 vivere
1814 1006 1928 1050 pau-

394 1091 538 1135 perem
560 1086 602 1117 ut
624 1072 809 1133 locuples
836 1072 1061 1114 moriaris?
1083 1071 1256 1128 Quanto
1280 1073 1425 1116 melias
1445 1074 1567 1128 hera,
1583 1092 1694 1136 quae
1717 1091 1805 1118 non
1822 1092 1926 1118 eon·

396 1172 514 1204 tenta
545 1159 680 1203 vitulis
719 1176 798 1202 nos
840 1175 1016 1219 pascere
1065 1169 1107 1201 et
1153 1161 1304 1200 teneris
1336 1158 1504 1211 haedis,
1541 1159 1726 1218 gallinas
1758 1177 1926 1221 quoque

398 1245 623 1306 tardosque
656 1247 884 1297 ministrat,
915 1254 956 1286 et
981 1246 1068 1286 vini
1097 1245 1266 1302 copiam
1298 1242 1493 1286 melioris.
1526 1243 1721 1299 Dromo,
1745 1260 1848 1288 cura
1881 1256 1928 1288 ut

394 1347 527 1391 quam
558 1340 687 1373 uncta
716 1331 883 1389 popina
915 1331 978 1371 sit.
1014 1355 1072 1362 —-

453 1498 595 1553 Istud,
626 1502 761 1559 inquit
792 1499 975 1552 Dromo,
996 1515 1122 1542 curae
1141 1499 1329 1553 habebo,
1360 1510 1402 1542 et
1423 1515 1613 1542 mensam
1626 1502 1768 1559 potius
1792 1516 1923 1560 quam

393 1584 724 1644 equosfrz'cabo.
758 1583 924 1626 IIerum
947 1599 1022 1643 ego
1055 1583 1180 1626 ltodie
1212 1586 1256 1626 in
1276 1598 1346 1626 rus
1362 1582 1544 1636 deduxi,
1575 1582 1693 1643 quod
1711 1583 1793 1626 sibi
1808 1583 1920 1626 male

391 1666 620 1712 succedat!
650 1668 888 1728 Nunquam
920 1669 1024 1710 milii
1053 1667 1224 1711 verbum
1256 1666 1394 1722 dixit,
1424 1669 1507 1710 nisi
1536 1670 1698 1726 vesperi
1727 1684 1823 1710 cum
1854 1684 1920 1710 me

391 1754 546 1795 remisit
577 1763 617 1794 et
648 1767 797 1812 equos,
828 1754 1143 1812 renuntiarique
1160 1742 1359 1795 dominae
1377 1753 1504 1812 jussit
1519 1768 1605 1794 non
1623 1768 1667 1794 se
1690 1751 1920 1794 rediturum

392 1836 472 1878 hac
502 1846 636 1879 nocte.
657 1835 811 1878 Laudo
833 1846 892 1890 te,
918 1834 1069 1890 Sosia,
1097 1838 1172 1896 qui
1201 1835 1375 1879 tandem
1397 1834 1536 1878 odisse
1569 1838 1743 1895 coepisti
1758 1835 1923 1879 domini

391 1935 539 1962 mores.
586 1918 677 1980 Ego
701 1922 798 1981 jam
832 1931 1059 1963 mutassem
1089 1919 1336 1975 dominum,
1366 1921 1448 1963 nisi
1478 1919 1751 1963 me'·domina
1781 1932 1919 1962 matu-

393 2006 488 2046 tinis
509 2007 744 2048 retinuisset
758 2004 920 2064 offellis.
946 2005 1071 2048 Nihil
1099 2004 1394 2048 dormiendum
1424 2015 1486 2048 est
1517 2005 1597 2047 hac
1620 2016 1754 2048 nocte.
1779 2004 1917 2047 Biba-

393 2104 502 2140 mns,
533 2104 801 2149 ror-emusque
833 2088 968 2132 donec
1000 2092 1138 2131 veniat
1170 2088 1271 2132 dies.
1303 2089 1409 2131 Non
1441 2100 1604 2131 tantum
1627 2104 1708 2148 per
1731 2105 1915 2132 mensem

393 2171 625 2215 lucrabitur
654 2173 796 2227 herus,
827 2184 1033 2233 quantum
1064 2189 1141 2217 nos
1174 2190 1261 2216 una
1286 2189 1419 2216 coena
1451 2189 1750 2216 consumemus.
1784 2198 1844 2206 —

449 2337 673 2384 Audiebat
704 2341 809 2384 haec
836 2342 1034 2385 Eurialus
1067 2343 1219 2396 lihons,
1250 2345 1418 2385 tametsi
1441 2358 1577 2385 mores
1601 2357 1815 2386 servorum
1834 2357 1912 2384 no-

390 2423 530 2479 tabat,
549 2436 589 2468 et
610 2423 719 2468 idem
741 2426 822 2467 sibi
841 2426 941 2484 fieri
964 2444 1049 2469 non
1075 2427 1300 2470 dubitaret.
1334 2426 1391 2469 Et
1416 2443 1512 2470 cum.
1543 2427 1705 2469 Dromo
1737 2425 1913 2478 abisset,

388 2523 558 2568 surgens
589 2507 809 2551 Eur-talus:
847 2508 888 2551 O
913 2526 1038 2570 quam
1045 2544 1061 2565 ,
1085 2514 1236 2572 inquit,
1262 2511 1433 2554 beatam
1456 2522 1638 2563 noctem,
1669 2508 1813 2563 Sosia,
1838 2520 1908 2552 tuo

390 2591 588 2651 beneficio
621 2609 714 2635 sum
734 2593 970 2648 habiturus,
1000 2600 1075 2656 qui
1108 2614 1172 2639 me
1207 2597 1286 2638 lzuc
1323 2596 1485 2639 duxisti
1515 2607 1554 2638 et
1585 2611 1637 2638 ne
1666 2593 1909 2654 patefierent

385 2677 519 2735 probe
551 2679 740 2722 curasti!
772 2679 856 2722 Vir
885 2680 1019 2724 bonus
1043 2700 1085 2725 cs
1103 2715 1118 2736 ,
1153 2686 1382 2744 meritoque
1408 2693 1444 2726 te
1460 2698 1586 2737 amo‚·
1617 2697 1694 2725 nec
1716 2680 1790 2723 tibi
1821 2695 1910 2723 non

387 2760 529 2820 gratus
560 2765 763 2806 inveniar.
798 2788 856 2798 -—
