1890 3081
1411 167 1494 210 217

87 239 173 286 che
198 245 368 304 questo
394 253 552 285 amore
576 243 687 282 nato
719 251 815 282 non
846 234 1004 294 fusse,
1030 231 1205 298 perche
1230 239 1290 296 ‚tu
1319 249 1417 281 non
1446 233 1620 285 m’are.

87 331 149 376 sti
168 346 195 376 a
218 310 484 377 riehiedere
509 325 558 373 di
581 325 648 373 tal
672 325 856 385 favore,
869 325 928 372 ne
953 325 1000 371 io
1025 325 1165 371 areia
1184 324 1288 371 fare
1313 340 1423 372 cosa
1448 332 1618 373 contro

88 419 359 481 all'onest03
381 435 457 465 ma
480 416 693 466 vedendo
712 415 891 463 ridotta
914 415 961 462 la
979 432 1090 463 cosa
1107 416 1158 462 in
1177 415 1324 481 luogo
1345 415 1386 462 εὶ
1405 414 1622 477 difficile,

89 527 207 558 sono
228 511 439 558 sforzato
458 509 698 574 operarmi
723 509 773 554 in
798 506 960 573 quello
985 504 1057 553 ch’
1082 507 1129 553 io
1148 506 1333 571 potere.
1354 505 1590 554 Lucrezia
1609 540 1625 568 ‚

88 620 220 650 come
245 610 299 649 tu
323 601 401 662 di',
415 619 502 666 per
528 617 688 648 amore
715 599 846 660 arde,
872 607 920 647 et
940 615 1058 646 anco
1078 599 1143 647 lei
1164 600 1205 645 si
1229 600 1254 646 ὲ
1275 616 1408 647 meco
1433 606 1597 665 aperta
1606 619 1622 660 3

90 696 136 741 io
160 693 255 740 l'ho
279 695 467 757 ripresa
492 698 669 757 quanto
696 692 737 737 si
757 691 1007 750 conviene‚
1032 707 1108 736 ma
1132 697 1265 737 tanto
1285 691 1310 738 ὲ
1336 690 1627 740 inflammata

90 785 176 832 che
202 787 317 850 ogni
352 802 462 832 cosa
497 801 612 831 cura
636 800 757 848 poco
791 800 880 848 per
917 799 1076 829 amore
1120 781 1168 829 di
1210 790 1271 830 te.
1294 784 1395 830 Per
1431 784 1626 831 ovviare

92 875 313 941 adunque
339 893 365 922 a
388 875 524 922 molti
547 874 750 940 pericoli
770 892 795 921 e
820 872 1059 921 incomodi
1083 875 1099 919 i
1124 873 1254 940 quali
1285 874 1329 920 vi
1353 880 1628 938 soprastan-

92 985 171 1028 no,
197 985 314 1015 sono
339 966 554 1031 disposto
579 966 693 1013 dare
717 983 863 1030 opera
886 983 914 1012 a
937 971 1108 1030 questo
1131 972 1298 1012 vostro
1323 963 1577 1012 desiderio.

157 1057 329 1106 Rende
353 1057 554 1105 Eurialo
579 1056 902 1105 infinitissime
927 1057 1088 1121 grazie
1115 1073 1142 1102 a
1164 1054 1400 1116 Pandalo‚
1425 1054 1627 1103 dicendo

94 1148 180 1196 che
201 1148 259 1194 da
283 1147 354 1194 lui
378 1166 474 1194 non
498 1155 739 1212 aspettava
763 1146 887 1193 altra
915 1148 1154 1211 risposta‚
1179 1164 1203 1194 e
1241 1145 1328 1194 che
1351 1154 1506 1211 punto
1531 1163 1630 1194 non

94 1238 318 1287 dubitava
342 1238 428 1285 che
452 1239 469 1284 i
492 1238 603 1284 fatti
628 1254 724 1284 non
750 1238 966 1285 avessino
990 1255 1018 1283 a
1046 1253 1208 1284 essere
1239 1236 1632 1301 corrispondenti

95 1328 188 1376 alle
211 1329 390 1393 parole.
408 1328 525 1394 Egli
549 1326 927 1375 dimostrerehbe
953 1344 1050 1374 non
1075 1325 1236 1375 essere
1262 1328 1528 1391 ingrato-E
1554 1345 1631 1374 su-

95 1417 198 1467 bito
233 1420 320 1467 che
348 1420 565 1467 Pandalo
594 1421 633 1466 si
661 1419 726 1484 'fu
766 1420 946 1483 partito
987 1417 1047 1465 da
1081 1417 1180 1478 lui,
1205 1417 1391 1465 ehiamb
1420 1434 1518 1464 uno
1555 1416 1633 1464 dei

98 1512 203 1558 suoi
226 1510 414 1575 famigli
437 1518 485 1558 et
509 1509 763 1574 imposegli
787 1509 874 1557 che
898 1515 1125 1557 mettesse
1144 1508 1191 1555 la
1216 1507 1336 1556 sella
1359 1526 1386 1555 a
1410 1526 1506 1555 uno
1526 1526 1633 1556 ron·

99 1603 207 1649 zino
230 1601 394 1649 leardo
417 1601 565 1649 molto
584 1599 712 1648 bello
731 1607 779 1648 et
798 1600 1070 1660 onorevole,
1090 1599 1139 1647 di
1157 1599 1318 1648 valuta
1337 1600 1420 1664 pih
1440 1599 1527 1647 che
1542 1617 1635 1646 ses-

99 1699 236 1739 santa
260 1691 436 1753 ducati,
461 1692 496 1738 il
521 1691 659 1757 quale
685 1708 775 1738 eon
795 1709 861 1737 un
880 1692 1009 1737 ricco
1029 1690 1325 1738 fornimento
1349 1689 1523 1736 mande
1547 1707 1635 1754 per

101 1783 229 1831 dono
253 1801 280 1829 a
302 1783 535 1841 Pandam,
558 1801 645 1847 per
671 1782 829 1846 dargli
854 1784 1052 1846 eagione
1073 1781 1115 1827 (Γ
1132 1799 1292 1829 essere
1312 1781 1396 1846 pih
1413 1788 1590 1845 pronto
1610 1799 1635 1828 e

104 1875 311 1922 sollicito
336 1893 362 1921 a
386 1875 546 1940 quello
582 1875 669 1922 che
693 1891 943 1939 promesso
968 1873 1038 1938 gli
1074 1891 1211 1936 avea3
1242 1880 1290 1922 et
1314 1873 1438 1921 oltre
1464 1890 1490 1919 a
1521 1890 1638 1938 que-

104 1972 179 2012 sto
204 1965 406 2013 essendo
429 1965 590 2013 buono
618 1971 828 2012 maestro
865 1963 914 2010 di
953 1963 1174 2012 bistiecio
1199 1971 1248 2012 et
1271 1963 1455 2012 avendo
1480 1965 1637 2010 inteso

105 2073 237 2104 come
259 2056 477 2104 Pandalo
501 2074 552 2104 se
577 2073 636 2103 ne
662 2055 889 2103 dilettava
915 2072 939 2101 e
959 2054 1208 2120 parevagli
1232 2072 1393 2103 essere
1415 2052 1634 2114 dottore,

103 2153 241 2211 parte
263 2164 350 2210 per
374 2146 656 2212 mostrargli
680 2145 728 2192 di
747 2162 915 2210 sapere
935 2144 1209 2193 histieeiare
1229 2163 1254 2193 e
1274 2152 1411 2210 parte
1430 2161 1518 2210 per
1543 2145 1640 2190 rin-

105 2236 364 2301 freseargli
393 2237 439 2285 el
470 2255 557 2285 suo
581 2235 832 2297 incendio,
858 2234 928 2301 gli
960 2235 1134 2285 mandi)
1159 2235 1236 2286 col
1265 2234 1444 2285 cavallo
1468 2252 1535 2283 un
1560 2250 1637 2283 so-

109 2334 242 2377 netto
259 2328 496 2392 histiccio,
514 2330 551 2378 il
570 2331 647 2379 eui
666 2337 837 2378 tenore
857 2328 882 2376 ὲ
904 2334 1088 2394 questo.
