2023 3091
505 103 551 142 18

506 297 718 342 AENEAE
746 197 949 340 SILLVV‘H
970 291 1066 334 AD
1095 189 1473 336 MARPANUM
1498 288 1794 334 SOZINUM

726 389 991 420 J‘ETENTEM
1030 389 1246 420 COMPONI
1286 387 1573 418 TRACTATUM

537 566 678 606 AEneas
699 555 858 616 Silvius,
872 566 995 618 poeta
1013 558 1317 619 imperialisque
1333 558 1588 615 secretarius,
1604 558 1643 600 S.
1660 572 1701 616 p.
1718 555 1761 599 d.

456 634 639 679 Mariano
673 631 822 674 Sozino
851 632 1066 691 utriusque
1098 632 1197 686 juris
1237 631 1451 691 interpreti
1486 637 1527 672 ct
1554 630 1715 672 concivi
1752 643 1841 671 suo.

391 745 522 808 REM
539 765 646 824 petis
663 762 784 806 haud
807 766 1122 808 convenientem
1141 766 1276 806 aetati
1301 779 1445 816 meae9·
1477 773 1574 805 tuae
1601 772 1744 804 autem
1768 771 1810 804 et
1833 760 1912 802 ad-

387 864 550 892 versam
574 858 616 892 et
641 858 959 907 repugnantem.
990 845 1110 904 Quid
1130 849 1241 890 enim
1263 857 1324 890 est
1348 845 1465 906 quod
1494 845 1560 888 vel
1589 862 1654 888 me
1677 847 1775 905 jam
1802 860 1912 904 pene

386 931 774 992 quadragenaiium
795 929 995 983 scribere,
1017 929 1083 973 vel
1103 940 1142 973 te
1163 931 1572 990 quinquagenarium
1588 927 1641 971 de
1657 943 1802 970 amore
1815 943 1913 971 con-

387 1020 529 1061 veniat
552 1016 728 1060 audire?
753 1014 792 1057 J
790 1029 943 1058 uvenes
958 1016 1124 1057 animos
1141 1030 1206 1058 res
1230 1018 1311 1058 ista
1336 1015 1537 1068 delectat,
1551 1025 1591 1057 et
1613 1024 1758 1057 tenera
1774 1011 1907 1056 corda

387 1099 587 1161 deposcit.
618 1098 750 1143 Senes
772 1108 916 1141 autem
941 1108 1032 1140 tam
1055 1095 1199 1139 idonei
1221 1108 1318 1140 sunt
1342 1100 1499 1140 amoris
1524 1096 1759 1150 auditores,
1779 1111 1911 1156 quam

386 1184 642 1246 prudentiae
652 1185 845 1245 juvenes.
867 1182 963 1225 Nec
984 1183 1211 1242 quicquam
1226 1191 1288 1224 est
1309 1191 1518 1224 senectute
1539 1181 1764 1237 defhrmius
1766 1212 1784 1234 9
1801 1195 1913 1240 quae

390 1285 583 1314 venerem
601 1268 776 1326 affectat
799 1269 888 1309 sine
905 1265 1072 1309 viribus.
1090 1264 1287 1309 Invenies
1312 1275 1455 1308 tamen
1470 1276 1511 1308 et
1530 1264 1697 1325 aliquos
1720 1274 1915 1307 amantes

391 1369 511 1396 senes
526 1383 544 1407 9
573 1361 766 1394 amatum
796 1365 894 1394 vero
926 1348 1089 1392 nullum
1105 1365 1122 1404 9·
1153 1365 1256 1391 nam
1292 1359 1333 1392 et
1369 1350 1571 1391 matronis
1602 1359 1665 1391 est
1694 1358 1736 1391 et
1761 1346 1915 1408 puellis

391 1436 634 1497 despectum
663 1437 838 1479 senium.
871 1433 1047 1477 Nullius
1087 1449 1232 1477 amore
1271 1444 1435 1476 tenetur
1466 1431 1639 1486 mulier,
1675 1434 1757 1474 nisi
1791 1448 1917 1492 quem

393 1521 542 1566 viderit
572 1531 714 1564 aetate
736 1520 987 1580 florentem.
1020 1518 1069 1563 Si
1106 1517 1210 1580 quid
1239 1517 1363 1561 aliter
1382 1549 1400 1572 9
1429 1517 1617 1577 deceptio
1647 1515 1800 1559 subest.
1825 1514 1917 1575 Ego

393 1621 491 1651 vero
521 1620 703 1666 agnosco
735 1606 992 1647 amatorium
1034 1604 1232 1663 scriptum
1269 1601 1371 1644 mihi
1410 1617 1497 1644 non
1532 1601 1752 1644 convenire
1768 1631 1786 1654 9
1815 1601 1919 1659 quia

386 1692 485 1750 jam.
513 1687 731 1732 meridiem
761 1699 1093 1748 praetergressus
1120 1687 1163 1728 in
1189 1701 1406 1746 vesperum
1430 1686 1571 1742 seror.
1602 1683 1691 1728 Sed
1714 1699 1802 1726 non
1834 1684 1917 1725 mi-

395 1790 474 1816 nus
504 1789 570 1817 me
594 1773 794 1826 scribere,
812 1788 945 1832 quam
969 1783 1007 1815 te
1029 1786 1222 1831 poscere,
1240 1769 1426 1813 dedecet.
1453 1770 1543 1829 Ego
1571 1769 1647 1811 tibi
1669 1768 1805 1812 debeo
1832 1783 1921 1810 mo-

396 1862 552 1920 rigerus
592 1875 715 1914 esse9·
746 1869 791 1901 tu
817 1857 909 1902 vide
934 1857 1039 1918 quid
1059 1856 1257 1917 postules.
1290 1856 1408 1898 Nam
1433 1867 1592 1916 quanto
1619 1872 1663 1898 es
1687 1865 1793 1897 natu
1824 1869 1920 1896 ma-

399 1946 530 1986 turior
536 1975 553 1997 9
584 1954 704 1986 tanto
731 1944 907 2002 aequius
939 1952 1002 1984 est
1023 1957 1175 2001 parere
1207 1943 1418 1984 amicitiae
1445 1939 1602 2000 legibus
1620 1971 1637 1993 9
1660 1954 1767 1999 quas
1787 1938 1824 1979 si
1847 1925 1922 1978 tua

391 2030 558 2090 justitia
601 2044 689 2070 non
728 2038 894 2071 veretur
932 2026 1180 2069 mandando
1225 2029 1266 2068 in
1290 2028 1450 2085 ringere
1465 2057 1481 2078 9
1511 2041 1588 2067 nec
1618 2023 1794 2065 stultitia
1825 2036 1923 2062 mea.

401 2112 637 2172 transgredi
675 2112 834 2155 timebit
872 2111 1124 2155 obediendo.
1160 2110 1257 2153 Tua
1292 2113 1336 2152 in
1369 2126 1434 2152 me
1467 2120 1528 2151 tot
1559 2118 1657 2150 sunt
1688 2106 1890 2166 beneficia
1906 2140 1923 2161 9

402 2207 449 2239 ut
471 2195 577 2239 nihil
601 2211 754 2255 negare
778 2197 1028 2254 petitionum
1053 2206 1221 2237 tuarum
1245 2209 1430 2254 queam:
1460 2195 1590 2235 etiam
1620 2193 1655 2233 si
1680 2189 1923 2233 admixtum

403 2282 458 2323 sit
484 2278 649 2340 aliquid
678 2278 956 2338 turpitudinis.
989 2278 1162 2321 Parebo
1195 2280 1318 2337 igitur
1354 2278 1547 2336 petitioni
1584 2286 1681 2317 tuae
1714 2276 1812 2334 jam
1847 2272 1924 2317 de-

404 2367 487 2408 cies
517 2364 819 2424 multiplicatae
836 2396 852 2417 9
888 2379 964 2407 nec
1005 2363 1184 2424 amplius
1222 2361 1385 2421 negabo
1423 2359 1540 2421 quod
1578 2370 1696 2402 tanto
1731 2357 1924 2419 postulas

405 2448 625 2492 desiderio.
660 2448 764 2491 Non
789 2459 932 2491 tamen
965 2458 1009 2490 ut
1045 2450 1132 2507 ipse
1145 2447 1330 2506 flagitas
1342 2477 1358 2499 9
1380 2444 1506 2503 fictor
1535 2459 1625 2500 ero9·
1657 2460 1732 2486 nec
1756 2445 1925 2503 poetica

408 2544 571 2576 utemur
600 2533 703 2576 tuba
719 2566 735 2587 9
758 2549 853 2575 cum
879 2531 972 2574 licet
998 2548 1096 2575 vera
1131 2533 1298 2587 referre.
1341 2528 1446 2585 Quis
1482 2532 1593 2571 enim
1627 2539 1716 2570 tam
1740 2542 1925 2586 nequam

408 2628 469 2660 est
495 2628 538 2659 ut
570 2620 737 2661 mentiri
766 2617 862 2661 velit
870 2648 887 2670 9
917 2633 1009 2658 cum
1043 2631 1137 2658 vero
1170 2631 1212 2658 se
1243 2625 1382 2674 potest
1413 2614 1550 2656 tueri?
1577 2611 1692 2669 Quia
1723 2622 1767 2654 tu
1797 2627 1924 2671 saepe

409 2712 578 2744 amator
586 2703 731 2757 suisti,
756 2718 831 2746 nec
862 2699 1002 2744 adliuc
1033 2702 1125 2760 igne
1151 2715 1286 2754 σαι-οε,-
1318 2700 1376 2741 vis
1403 2698 1477 2741 tibi
1501 2696 1679 2740 (luorum
1705 2705 1924 2739 amantum
