1890 3081
99 185 1607 246 fffflffifflffifflssfflffiawzssffiffifflffiffssaffe

496 433 1202 561 PRINCIPIO

167 799 724 914 BELLA
835 800 1547 917 ISTORIA

95 1461 343 1535 INTRANDO
367 1485 415 1532 lo
440 1485 723 1548 imperatore
750 1485 1059 1550 Sigismondo
1085 1485 1212 1532 nella
1237 1487 1353 1533 citth
1379 1488 1426 1534 di
1452 1489 1616 1550 siena,

95 1580 260 1644 quanti
278 1579 414 1625 onori
428 1577 496 1642 gli
510 1577 696 1624 fussino
715 1578 843 1637 fatti,
863 1578 940 1642 gia
960 1579 983 1625 ὲ
1005 1577 1247 1643 divulgato
1266 1598 1352 1643 per
1371 1587 1510 1628 tutto.
1525 1583 1618 1631 Poi

93 1670 178 1717 6116
204 1669 248 1716 16
274 1668 430 1716 debite
456 1670 713 1716 eerimonie
745 1668 813 1733 gli
849 1669 1026 1716 furono
1062 1670 1203 1730 fatte,
1246 1687 1271 1718 e
1298 1669 1421 1735 (lopo
1456 1672 1501 1720 16
1526 1692 1614 1738 pu-

93 1759 248 1807 bliche
273 1760 545 1807 visitazioni
558 1777 644 1822 per
659 1758 827 1805 ordine
848 1758 923 1806 dei
942 1760 1086 1823 primi
1105 1759 1323 1806 eittadini
1345 1762 1534 1823 Semesi,
1560 1765 1615 1810 fu

94 1850 314 1896 ordinato
336 1850 421 1896 6116
443 1866 468 1894 3
488 1856 645 1912 tempo
666 1849 860 1895 comodo
882 1856 1072 1914 quattro
1095 1857 1311 1897 matrone
1330 1851 1620 1901 l'andassino

95 1959 120 1986 a
143 1942 360 2000 visitare„
386 1957 473 2003 per
498 1941 599 1999 eth,
636 1958 659 1987 e
687 1939 733 1986 di
768 1940 976 1987 bellezza
1001 1959 1024 1988 e
1049 1940 1249 1987 nobilita
1276 1944 1412 2006 quasi
1445 1944 1618 1992 simile.

96 2032 258 2077 Erano
279 2029 336 2075 (13
355 2031 577 2076 eiaseuno
603 2030 840 2095 giudicate
861 2032 899 2077 si
919 2031 1060 2091 belle,
1080 2031 1165 2078 6116
1191 2050 1241 2079 se
1262 2039 1336 2080 tre
1357 2032 1619 2082 solamente

94 2121 281 2168 fussino
306 2128 455 2180 state‚
491 2120 762 2168 faeilmente
788 2123 828 2167 si
851 2128 1054 2185 poteano
1085 2122 1401 2187 assimigliare
1427 2123 1519 2172 alle
1545 2132 1619 2172 tre

95 2212 198 2258 Dee
225 2212 310 2259 6116
336 2213 377 2259 si
402 2218 707 2259 mostrorono
727 2211 957 2260 aParide.
982 2214 1026 2259 E
1050 2212 1232 2261 henche
1259 2213 1308 2261 lo
1333 2216 1621 2279 imperatore

94 2296 227 2350 fusae
253 2302 382 2367 neg-li
406 2305 518 2349 anni
542 2310 780 2367 provesto,
817 2303 1104 2352 nondimeno
1130 2304 1359 2353 inclinato
1395 2306 1486 2353 3116
1512 2323 1620 2354 cose

95 2412 327 2455 veneree,
363 2413 388 2442 6
422 2397 539 2460 pero
576 2396 723 2442 molto
758 2397 799 2442 si
836 2395 1057 2443 dilettava
1093 2397 1220 2444 nella
1256 2399 1620 2445 conversazione

96 2483 152 2530 de
171 2484 216 2531 16
242 2484 422 2532 donne:
448 2486 506 2533 ne
527 2503 636 2532 cosa
656 2503 837 2532 veruna
856 2486 925 2551 gli
951 2485 1064 2533 dava
1083 2489 1301 2553 maggior
1320 2488 1508 2551 piaeere
1534 2486 1622 2535 che

96 2573 298 2623 vederne
324 2576 559 2641 qualcuna
578 2578 801 2624 formosa.
822 2577 995 2626 Subito
1015 2578 1235 2643 adunque
1260 2579 1345 2625 che
1370 2578 1416 2623 la
1438 2577 1624 2625 Maesta

99 2664 199 2711 Sua
221 2666 266 2714 le
290 2667 410 2728 vide,
437 2670 478 2715 si
502 2668 606 2716 fece
630 2668 735 2715 loro
760 2669 1008 2730 incontro,
1039 2689 1063 2718 e
1090 2669 1281 2736 presole
1307 2687 1393 2733 per
1417 2686 1556 2716 mano
1581 2670 1623 2715 si

97 2753 224 2800 volti)
250 2755 288 2801 a'
303 2759 407 2805 suoi
429 2757 599 2806 baroni
625 2758 849 2806 dicendo:
874 2759 1085 2808 Vedeste
1109 2761 1182 2807 voi
1208 2760 1429 2826 giammai
1454 2758 1621 2807 alcune
