2023 3091
529 118 583 167 46

415 198 577 252 Brum,
613 215 706 241 cum
725 202 890 253 serrum
921 196 1002 236 sibi
1031 194 1289 239 subtractum
1321 207 1454 249 esset,
1487 197 1694 241 carbones
1734 198 1931 243 ardentes

416 282 556 325 ebibit.
569 307 586 316 -
599 282 647 326 Si
659 295 742 325 tam
757 292 993 340 protervus,
1012 281 1148 339 inquit
1161 279 1324 334 Sosias,
1338 280 1512 323 incubat
1531 285 1660 324 menti
1668 284 1818 340 furor,
1834 294 1932 326 tuae

416 369 525 410 vitae
557 385 682 428 quam
705 368 862 421 ſsimae
894 363 1198 408 consulendum
1235 377 1300 409 est
1312 383 1329 420 ,-
1357 365 1518 422 fallax
1558 382 1683 427 saepe
1705 370 1839 424 fizma
1873 377 1936 412 est

417 468 527 513 quae
558 452 670 494 malo
702 447 867 501 melior,
898 447 1011 491 hono
1040 452 1165 510 pejor
1194 467 1516 512 nonnumquam
1539 434 1680 494 datur.
1709 451 1754 494 T
1749 463 1934 497 entemus

418 536 527 578 hunc
558 531 778 576 Eurialum
808 543 850 576 et
873 535 1012 575 amori
1040 549 1216 593 operam
1241 534 1400 578 demus.
1426 534 1553 578 Eleus
1578 538 1657 578 erit
1680 538 1755 579 iste
1785 535 1937 590 labor,

420 621 598 678 tibique,
629 619 678 658 ni
687 615 850 672 fallor,
886 633 974 661 rem
1001 620 1238 675 corffectam
1267 618 1394 662 daho.

476 1042 561 1087 His
600 1041 720 1086 dictis
751 1045 967 1086 incensum
1003 1045 1192 1085 animum
1216 1045 1495 1094 inflammavit
1528 1061 1698 1089 amore:
1739 1056 1937 1107 spemque

416 1127 535 1173 dedit
562 1128 718 1174 dubiae
745 1132 885 1172 menti.
904 1127 993 1172 Sed
1021 1145 1107 1172 non
1133 1127 1196 1171 illi
1225 1133 1391 1172 animus
1422 1141 1532 1184 erat,
1563 1142 1607 1174 ut
1632 1129 1748 1192 quod
1766 1129 1940 1173 dixerat

417 1225 524 1258 esset
545 1217 762 1271 facturus.
795 1214 976 1272 Differre
1017 1217 1205 1257 animum
1218 1217 1442 1271 foeminae
1473 1215 1724 1275 quaerebat,
1743 1217 1939 1268 ficrorem

417 1300 686 1351 imminuere,
710 1310 757 1341 ut
775 1315 903 1358 saepe
925 1310 1087 1357 tempus
1109 1301 1318 1357 extinguit
1317 1299 1550 1357 flammaS,
1574 1309 1616 1340 et
1633 1297 1784 1340 adimit
1805 1299 1940 1357 aegri-

418 1380 604 1424 tudinem
627 1381 729 1426 dies.
764 1381 1036 1425 Existimavit
1066 1380 1211 1425 Sosias
1221 1381 1356 1438 falsis
1377 1382 1543 1441 gaudiis
1564 1382 1754 1441 puellam
1775 1381 1939 1443 produ-

417 1482 509 1509 cere
519 1498 536 1520 ,
559 1466 695 1510 donee
721 1467 786 1511 vel
810 1470 971 1521 Caesar
986 1467 1146 1521 abiret,
1167 1467 1232 1511 vel
1251 1483 1367 1509 mens
1388 1467 1497 1509 illius
1519 1457 1776 1522 mutaretur3
1801 1484 1881 1520 ne,
1904 1468 1943 1509 si

416 1564 626 1612 negasset,
645 1553 754 1596 alius
774 1556 943 1596 nuntius
965 1565 1239 1615 quaereretur
1245 1571 1264 1610 5
1287 1564 1364 1595 aut
1387 1555 1432 1596 in
1456 1570 1500 1596 se
1526 1570 1677 1596 manus
1703 1552 1849 1596 mulier
1875 1555 1939 1595 in-

406 1638 570 1698 jiceret.
592 1637 732 1698 Saepe
757 1641 881 1699 igitur
910 1642 970 1682 ire
999 1652 1126 1700 atque
1153 1639 1288 1682 redire
1312 1655 1356 1682 se
1375 1638 1530 1694 finxit,
1554 1650 1596 1682 et
1620 1639 1737 1681 illum
1753 1637 1940 1698 gaudere

416 1728 562 1781 amore
603 1739 706 1777 suo,
742 1734 784 1765 et
823 1735 984 1783 tempus
1016 1724 1214 1767 idoneum
1246 1739 1450 1785 quaerere
1488 1739 1572 1784 quo
1605 1725 1779 1766 invicem
1810 1723 1941 1779 affari

413 1818 615 1864 possent,
647 1807 771 1850 dixit.
802 1806 1026 1851 Interdum
1056 1825 1144 1852 non
1159 1811 1300 1865 fiu'sse
1334 1808 1537 1868 loquendi
1568 1800 1939 1868 opportunitatem.

417 1890 756 1953 Nonnumquam
775 1909 819 1936 se
841 1895 948 1936 mitti
967 1904 1094 1936 extra
1111 1892 1257 1936 urbem
1273 1891 1451 1946 studuit,
1465 1909 1518 1935 ae
1540 1895 1585 1934 in
1605 1891 1811 1935 redditum
1828 1908 1938 1952 gau-

416 1975 491 2018 dia
517 1975 687 2020 distulit.
729 1975 797 2020 Sic
828 1977 976 2020 diebus
1008 1976 1147 2020 multis
1172 1987 1389 2036 aegrotum
1418 1979 1537 2037 pavit
1566 1979 1767 2019 animum.
1799 1975 1857 2018 Et
1885 1992 1941 2020 no

415 2076 495 2119 per
509 2063 653 2103 omnia
679 2064 941 2115 mentiretur,
958 2060 1088 2104 semel
1111 2071 1255 2104 tamen
1275 2059 1454 2102 adorsus
1479 2060 1724 2103 Eurialum:
1749 2058 1791 2102 Ο
1810 2075 1941 2119 quam

419 2144 486 2186 lzic
502 2144 674 2189 dilectus
696 2162 758 2200 es,
781 2148 854 2188 ait.
878 2146 971 2189 Nec
993 2145 1056 2188 illi
1078 2147 1301 2206 quaerenti
1319 2144 1438 2205 quod
1462 2144 1541 2188 lzoc
1566 2155 1691 2199 esset,
1711 2142 1939 2204 respoudit.

479 2313 547 2357 Ac
562 2313 762 2358 Eurialus
778 2327 936 2359 secreto
953 2315 1159 2376 cupidinis
1182 2331 1285 2359 arcu
1303 2330 1543 2375 percussus,
1566 2313 1731 2358 nullam
1745 2311 1941 2357 membris

419 2400 602 2459 quietem
625 2398 779 2454 dabat,
803 2403 895 2460 igne
911 2402 1080 2457 furtivo
1099 2399 1333 2460 populante
1359 2416 1487 2442 venas
1505 2431 1522 2454 ,
1555 2409 1749 2459 totasque
1772 2400 1940 2458 penitus

420 2494 596 2527 vorante
622 2483 841 2528 medullas.
859 2484 963 2528 Non
982 2496 1125 2529 tamen
1150 2484 1318 2529 Sosiam
1339 2487 1478 2539 novit,
1502 2501 1579 2528 nec
1600 2483 1821 2526 Lucretiae
1847 2484 1942 2525 mis-

420 2584 510 2610 sum
529 2571 713 2628 putavit,
729 2580 774 2612 ut
788 2586 932 2612 omnes
948 2573 1084 2613 minus
1099 2574 1191 2631 spei
1209 2569 1413 2613 habemus
1428 2586 1556 2630 quam
1579 2567 1829 2628 cupiditatis.
1852 2566 1940 2610 Hic

421 2651 497 2694 ubi
516 2652 666 2696 ardere
692 2670 736 2697 se
768 2653 888 2708 vidit,
916 2654 990 2696 diu
1015 2654 1342 2714 imprudentiam
1361 2670 1484 2696 suam
1508 2654 1684 2696 miratus
1709 2662 1789 2705 est,
1813 2667 1938 2711 seque

423 2737 629 2779 multoties
656 2741 899 2797 increpavit.
917 2764 937 2775 -
956 2738 1044 2795 En„
1070 2739 1263 2794 Euriale,
1283 2739 1388 2799 quid
1411 2741 1464 2782 sit
1484 2740 1640 2782 amoris
1657 2737 1876 2796 imperium
1895 2745 1940 2776 tu
