2023 3091
478 120 533 170 34

365 216 494 242 meus.
535 198 773 242 Audieram
805 210 877 252 ego
910 206 1036 249 saepe
1071 190 1289 234 mulierum
1306 191 1538 247 stillacias,
1566 210 1642 238 nec
1671 196 1883 240 declinare

364 286 474 326 scivi.
505 282 571 326 At
601 286 638 325 si
667 295 777 324 nunc
809 289 999 327 evasere,
1036 274 1156 318 nulla
1187 292 1252 318 me
1278 291 1468 334 unquam
1502 276 1720 321 mulierum
1740 281 1882 342 lingua

363 366 545 411 deludet.

421 615 508 660 Sed
535 628 613 655 nee
645 610 844 654 Lucretia
875 610 1107 654 minoribus
1139 611 1366 671 urgebatur
1396 611 1610 666 molestiis,
1645 629 1756 673 quae
1795 631 1883 657 non

359 700 491 743 solum
522 698 606 750 sui,
636 694 714 738 sed
742 698 928 738 amantis
960 711 1128 755 quoque
1159 695 1287 737 saluti
1326 695 1513 738 timebat.
1553 695 1637 750 At,
1672 708 1717 740 ut
1747 709 1809 740 est
1838 701 1882 740 in

352 779 548 842 periculis
584 780 815 823 subitaneis
859 779 1076 822 mulierum
1124 796 1255 840 quam.
1295 782 1471 822 virorum
1504 784 1738 840 promptius
1770 785 1881 841 inge-

353 868 496 918 nium,
526 867 770 924 excogitato
810 863 1012 907 remedio:
1043 863 1141 924 Age
1157 897 1174 917 ,
1213 868 1349 925 inquit
1365 897 1381 918 ,
1411 868 1470 906 mi
1499 868 1577 918 vir,
1607 866 1767 909 cistella
1797 867 1880 909 illic

351 966 479 1010 super
492 951 694 1006 fenestra
721 959 801 1002 est,
822 948 896 990 uhi
926 960 966 991 te
991 951 1164 991 memini
1192 962 1466 992 monumenta
1492 950 1701 992 nonnulla
1732 967 1880 993 recon-

351 1034 480 1089 disse3
497 1034 713 1078 videamus
730 1050 787 1076 an
805 1032 888 1075 illie
904 1032 1202 1091 cliyfrograplza
1217 1036 1299 1075 sint
1314 1034 1549 1076 inclusa.—-
1563 1035 1794 1095 Subitoque
1810 1035 1881 1079 de-

351 1134 522 1161 currens
539 1129 758 1177 tamquam
774 1116 897 1160 vellet
912 1117 1077 1175 aperire
1099 1114 1321 1168 cistellam,
1336 1115 1516 1160 latenter
1539 1118 1657 1160 illam
1681 1119 1879 1161 deorsum

351 1202 534 1261 impulit7·
555 1214 597 1245 et
625 1204 754 1263 quasi
782 1217 884 1243 casu
915 1199 1144 1243 cecidisset:
1165 1198 1306 1253 ΡιόῘι,
1335 1203 1395 1241 ηιί
1424 1203 1501 1253 νίν,
1530 1203 1614 1256 ait,
1647 1203 1792 1246 adesto
1825 1220 1877 1246 ne

350 1286 455 1346 quid
473 1286 623 1328 damni
647 1288 896 1338 sentiamus5
925 1283 1088 1326 cistella
1113 1300 1173 1325 ex
1186 1287 1387 1340 fenestra
1407 1284 1579 1338 decidit,
1599 1303 1725 1346 petge
1746 1290 1879 1342 ocius,

349 1386 403 1413 ne
441 1370 606 1429 jocalia
638 1369 705 1411 vel
740 1371 972 1425 scripturae
1004 1367 1259 1426 dispereant.
1303 1366 1371 1411 Ite
1403 1369 1558 1422 ambo,
1592 1369 1697 1430 quid
1725 1371 1878 1414 statis?

349 1452 440 1512 Ego
473 1454 569 1496 hinc
601 1469 654 1495 ne
686 1455 778 1512 quis
799 1454 968 1507 fiir-tum
993 1453 1160 1506 saciat,
1194 1451 1325 1493 oculis
1364 1452 1610 1494 observabo.
1637 1479 1695 1486 ——

413 1536 525 1579 Vide
556 1535 785 1578 audaciam
817 1534 1050 1578 mulierum.
1084 1534 1212 1576 qunc
1237 1547 1278 1577 ct
1292 1537 1500 1591 foeminis
1530 1536 1700 1579 credito.
1733 1537 1873 1580 lVemo

348 1631 437 1662 tam
475 1620 667 1663 oculatus
699 1631 760 1662 est
792 1631 838 1661 ut
866 1618 978 1676 salli
1006 1635 1094 1661 non
1125 1621 1270 1678 possit.
1310 1618 1357 1661 Is
1402 1619 1635 1662 dumtaxat
1666 1637 1753 1663 non
1779 1624 1874 1677 fuit

345 1705 491 1748 illusus
514 1721 641 1764 quem
672 1705 836 1762 conjux
855 1702 1020 1758 fallere
1052 1718 1140 1744 non
1182 1704 1368 1746 tentavit.
1400 1702 1507 1745 Plus
1530 1706 1709 1758 fortuna
1744 1722 1874 1764 quam

345 1790 511 1848 ingenio
539 1803 681 1829 sumus
697 1786 867 1845 felices.

403 1872 551 1916 Motus
568 1873 647 1914 lzoc
663 1873 793 1928 facto
813 1871 1039 1915 Menelaus
1060 1871 1296 1931 Bertusque
1314 1889 1401 1914 una
1428 1884 1597 1932 repente
1626 1877 1669 1916 in
1694 1874 1872 1917 viculum

345 1975 389 2001 se
417 1959 715 2017 praecipitant.
742 1957 908 2000 Domus
934 1967 1095 2000 etrusco
1117 1973 1231 2000 more
1263 1956 1392 1999 altior
1405 1960 1518 2014 suit.
1542 1958 1743 2020 multique
1769 1976 1871 2020 gra-

344 2041 426 2084 dus
455 2041 740 2085 descendendi
772 2053 907 2085 erant.
940 2042 1058 2085 Ilinc
1088 2041 1238 2084 datum
1265 2053 1327 2084 est
1357 2042 1534 2085 Eurialo
1567 2046 1750 2102 spatium
1774 2061 1868 2086 mu·

346 2126 471 2170 tandi
507 2127 664 2180 locum,
703 2130 778 2187 qui
805 2144 866 2169 ex
904 2129 1062 2169 monito
1095 2127 1316 2170 Lucretiae
1347 2129 1392 2169 in
1423 2144 1555 2170 novas
1597 2128 1784 2170 latebras
1823 2146 1867 2171 se

343 2213 512 2270 recepit.
536 2209 611 2252 Illi
627 2210 810 2254 collectis
824 2211 1041 2272 jocalibus
1058 2223 1185 2272 atque
1200 2214 1433 2271 scripturis,
1448 2214 1550 2272 quia
1571 2212 1868 2272 cliyrograplza

342 2295 494 2355 quibus
525 2311 631 2355 opus
668 2307 762 2337 erat
791 2311 878 2338 non
909 2308 1172 2357 repererant,
1210 2295 1272 2338 ad
1307 2298 1462 2339 scrinia
1490 2298 1627 2356 juxta
1657 2312 1768 2356 quae
1801 2296 1866 2337 la-

343 2390 485 2422 tuerat
504 2378 704 2422 Eurialus
726 2391 945 2423 trameant
958 2399 975 2435 ,-
1006 2382 1146 2442 ibique
1174 2383 1259 2424 voti
1277 2383 1345 2424 sui
1373 2391 1585 2440 compotes
1602 2382 1740 2435 ιβιςιί,
1764 2397 1866 2423 con-

342 2462 532 2506 salutata
553 2462 769 2517 Lucretia,
789 2476 1057 2507 recesserunt.

404 2547 492 2590 Illa
514 2547 696 2592 obducto
710 2550 881 2604 foribus
895 2550 1086 2609 pessulo:
1104 2550 1196 2593 Exi
1204 2583 1220 2603 ,
1245 2553 1303 2592 mi
1318 2549 1509 2592 Euriule.
1526 2551 1618 2602 (nri,
1633 2551 1693 2590 mi
1706 2552 1865 2596 anime,

343 2633 489 2691 inquit.
535 2633 650 2677 Veni
679 2633 933 2694 gaudiorum
963 2652 1126 2677 summa
1159 2652 1360 2678 meorum.
1397 2634 1511 2678 Veni
1539 2637 1649 2689 jons
1680 2633 1864 2676 delecta-

345 2717 499 2756 tionum
528 2733 737 2771 mearum,
766 2720 972 2777 scaturigo
999 2718 1204 2772 laetitiae,
1222 2722 1377 2770 fiwum
1423 2716 1570 2760 mellis.
1608 2717 1740 2771 Veni,
1769 2716 1862 2759 dul-
