1890 3081
103 209 253 253 Annei
282 208 402 270 Lucij
433 207 591 253 Senece
622 206 675 252 de
707 217 893 268 quatuor
920 205 1155 250 virtutibus.

106 294 224 339 Idem
255 294 308 338 de
339 293 537 337 moribus.

195 415 296 449 Tutti
320 415 434 461 questi
458 414 506 450 sei
530 413 687 461 opusculi
718 413 875 449 formano
908 424 954 447 un
986 412 1124 448 volume
1154 410 1191 448 di
1216 411 1260 448 58
1284 411 1434 458 foglieui
1457 413 1632 459 compresi

108 483 175 518 due
198 483 350 518 bianchi.

656 890 729 939 IN
755 889 1102 941 ITALIANO

111 1046 249 1093 Enea
273 1044 444 1094 silvio.
468 1044 657 1094 Istoria
682 1046 736 1093 di
757 1043 966 1093 Eurialo
992 1062 1018 1093 e
1038 1046 1093 1093 di
1114 1044 1377 1106 Lucretia,
1408 1047 1459 1094 in
1489 1045 1643 1112 foglio

177 1135 238 1182 ed
260 1137 311 1183 iu
334 1135 405 1182 4?
438 1135 631 1184 Vienna
654 1133 918 1184 d’Austria
944 1134 1057 1185 147
1062 1135 1113 1183 7.

168 1261 321 1312 Questa
350 1261 373 1303 e
402 1260 442 1303 la
469 1259 704 1303 traduzione
732 1274 757 1302 o
787 1274 859 1318 per
885 1261 1036 1318 meglio
1075 1260 1163 1305 dire
1202 1261 1433 1307 imitazione
1461 1261 1504 1306 di
1532 1263 1643 1307 Ales-

113 1329 259 1373 sandro
289 1329 468 1385 Braccio,
497 1329 571 1372 che
601 1329 668 1388 poi
697 1329 739 1373 fu
766 1330 1002 1389 ristampata
1030 1331 1094 1375 col
1122 1330 1261 1375 titoloz

124 1496 456 1546 Traductione
481 1498 542 1545 de
576 1513 674 1543 una
709 1497 921 1544 historia
960 1498 1016 1545 dc·
1049 1499 1144 1546 due
1174 1500 1376 1558 amanti,
1402 1506 1647 1565 composta

184 1587 322 1635 dalla
343 1586 493 1651 felice
516 1590 749 1637 memoria
772 1589 826 1636 di
846 1587 992 1654 Papa
1013 1587 1111 1638 Pio
1134 1588 1212 1639 II.

208 1703 249 1737 ln
274 1702 429 1748 Bologna
451 1713 515 1749 per
545 1701 669 1737 Ercole
693 1703 736 1737 de
760 1703 850 1738 Nani
879 1703 963 1749 ¹49²
986 1706 1006 1738 e
1035 1703 1120 1750 1496
1143 1703 1180 1739 in
1202 1703 1257 1746 4⁰
1280 1704 1422 1747 Milano,
1445 1716 1509 1751 per
1531 1706 1648 1750 Augu·

118 1770 210 1805 atino
233 1771 278 1804 da
301 1771 466 1805 vimen-ca
496 1771 579 1805 1518
601 1770 638 1804 in
661 1769 713 1805 8.⁰

117 1925 164 1975 E
187 1925 263 1974 col
286 1923 425 1975 titolo
448 1924 498 1973 di
521 1925 744 1992 Epio-tole
779 1927 840 1975 de
863 1927 951 1974 dai
971 1926 1181 1977 Amantc‘
1202 1935 1289 1977 etc.

210 2041 252 2077 In
275 2041 428 2076 Venezia
450 2053 514 2088 per
537 2041 694 2076 Mer-chio
718 2041 818 2077 Sesea
840 2053 860 2077 e
884 2042 988 2078 Piero
1011 2042 1055 2078 de
1079 2043 1211 2079 Rauani
1226 2044 1422 2091 compagni,
1444 2045 1522 2079 1521
1544 2045 1580 2079 in
1595 2045 1650 2088 49

177 2158 229 2201 Di
258 2164 400 2216 questa
428 2158 612 2202 edizione
640 2159 665 2201 ὲ
693 2159 852 2203 curioso
880 2158 910 2202 il
937 2159 1188 2219 frontispizio
1217 2160 1346 2206 inciso
1368 2162 1411 2205 in
1439 2162 1574 2220 legno.
1603 2164 1652 2206 Ei

119 2234 383 2286 rappresenta
411 2227 441 2270 il
469 2242 574 2286 papa
601 2227 743 2272 seduto
771 2227 834 2272 sul
862 2242 935 2272 suo
964 2234 1096 2288 trono,
1125 2230 1169 2273 in
1196 2230 1306 2274 abito
1335 2231 1582 2290 pontificale,
1611 2233 1655 2276 iu

121 2302 205 2340 atto
234 2296 275 2339 di
303 2303 548 2353 raccontare‚
577 2311 602 2340 a
631 2303 779 2353 quanto
795 2297 966 2355 sembra,
985 2299 1025 2342 la
1043 2313 1117 2342 sua
1135 2300 1296 2344 novella
1311 2300 1376 2343 dei
1396 2301 1473 2344 due
1495 2301 1654 2345 Amanti

123 2365 163 2408 al
192 2365 362 2424 collegio
391 2365 456 2408 dei
485 2365 677 2410 cardinali
698 2365 772 2409 che
787 2366 843 2424 gli
862 2366 983 2410 fanno
1003 2381 1165 2412 corona.
1185 2369 1325 2412 Dietro
1344 2369 1382 2412 al
1402 2383 1507 2428 papa
1522 2376 1583 2414 sta
1598 2384 1654 2414 uu

124 2446 225 2491 gran
253 2435 456 2479 crocifisso
484 2434 528 2478 in
555 2448 694 2479 mezzo
724 2449 749 2479 a
776 2436 965 2494 pampani
994 2450 1018 2480 e
1047 2437 1231 2496 grappoli
1259 2437 1299 2480 d’
1314 2451 1406 2481 uva.

283 2549 385 2586 Dallo
409 2555 522 2584 stesso
546 2549 703 2585 Marchio
727 2550 825 2585 Sessa
847 2551 883 2585 di
907 2551 1061 2586 Venezia
1084 2552 1122 2587 in
1145 2554 1197 2588 8.⁰
1219 2552 1356 2599 piccolo
1387 2553 1482 2587 1531.

438 2621 575 2654 Ancora
599 2619 635 2654 in
659 2619 811 2655 Venezia
833 2620 891 2666 pei
915 2620 1076 2664 Bindoni,
1105 2621 1201 2664 1541,
1225 2622 1260 2655 in
1285 2623 1339 2656 89

187 2735 304 2777 Tutte
334 2740 473 2792 queste
502 2735 676 2778 edizioni
697 2750 797 2780 sono
816 2749 907 2780 rare
927 2750 951 2780 a
965 2737 1159 2781 trovarsi:
1181 2737 1311 2795 quella
1329 2737 1424 2795 pero
1446 2736 1484 2779 di
1502 2736 1657 2780 Vienna

129 2804 153 2845 e
182 2802 398 2860 rarissima,
428 2804 478 2848 ne
508 2803 730 2852 l’abbiamo
760 2804 828 2851 noi
858 2810 996 2863 potuta
1024 2805 1184 2853 vedere.
