2023 3091
800 505 1441 577 HISTORIA

1122 695 1209 730 DE

487 834 1005 927 DUOBUS
1055 837 1451 931 AMAN
1453 839 1541 925 T
1535 838 1829 927 IBUS

406 1447 595 1516 URBEM
625 1467 788 1522 Senas,
808 1465 920 1511 unde
942 1466 1019 1510 tibi
1042 1477 1084 1510 et
1103 1466 1207 1510 mihi
1224 1468 1339 1527 origo
1361 1477 1441 1522 est,
1459 1469 1636 1510 intranti
1659 1465 1923 1527 Sigismundo

397 1555 576 1600 Caesari
603 1565 707 1616 quot
749 1554 930 1597 honores
962 1555 1143 1615 impensi
1167 1555 1368 1611 fiterint,
1398 1554 1494 1614 jam
1530 1553 1682 1614 ubique
1714 1552 1926 1613 vulgatum

396 1651 471 1684 est.
502 1639 726 1683 Palatium
762 1639 826 1682 illi
854 1638 974 1699 apud
1004 1649 1182 1682 sanctae
1214 1638 1418 1692 Martae,
1447 1653 1575 1697 super
1603 1640 1738 1682 vicum
1761 1640 1836 1698 qui
1864 1636 1927 1680 ad

399 1724 447 1768 ,Τ
442 1725 679 1785 bophorum
693 1723 807 1767 ducit
819 1735 991 1784 portam
1006 1735 1226 1778 structum,
1244 1734 1446 1783 paratum
1446 1725 1552 1780 fitit.
1570 1722 1669 1766 Huc
1671 1755 1688 1776 9
1699 1733 1926 1783 postquam

396 1811 680 1852 caerimoniae
706 1819 909 1868 peractae
939 1817 1057 1862 sunt,
1090 1824 1186 1850 cum
1222 1810 1400 1851 venisset
1426 1805 1713 1867 Sigismundus
1744 1817 1929 1867 quatuor

395 1897 619 1937 maritatas
643 1894 814 1936 obviam
844 1893 1013 1947 habuit,
1037 1892 1279 1947 nobilitate,
1289 1895 1463 1950 forma,
1493 1903 1658 1946 aetate,
1688 1902 1926 1952 ornatuque

390 1994 540 2038 pares,·
570 1996 656 2021 non
682 1978 900 2032 mortales,
924 1977 1002 2021 sed
1031 1977 1138 2020 cleas
1165 1980 1389 2038 quisquam
1420 1979 1594 2037 putavit.
1629 1975 1679 2020 Si
1701 1987 1782 2019 tres
1806 1975 1928 2018 dum-

397 2072 527 2104 taxat
536 2065 742 2118 suissent,
761 2063 860 2105 illae
882 2061 1014 2106 videri
1039 2073 1259 2122 poterant,
1279 2078 1388 2122 qua-s
1411 2063 1598 2118 ufferunt
1626 2059 1833 2102 Paridem
1850 2075 1929 2119 per

397 2150 579 2208 quietem
599 2148 760 2191 vidisse.
778 2147 889 2191 Erat
905 2147 1214 2209 Sigismundus,
1233 2147 1330 2190 licet
1351 2146 1636 2207 grandaevuS,
1651 2148 1695 2188 in
1712 2144 1930 2188 libidinem

395 2248 583 2292 pronus,
614 2244 906 2275 matronarum
926 2233 1122 2294 alloquiis
1143 2231 1456 2285 oblectabatur,
1485 2242 1525 2274 et
1541 2232 1776 2287 faemineis
1801 2229 1929 2273 blan-

399 2316 594 2360 dimentis
621 2316 840 2377 gaudebat
848 2335 864 2373 ‚-
904 2334 980 2360 nec
1024 2319 1193 2360 suavius
1233 2316 1296 2358 illi
1335 2318 1562 2376 quicquam
1583 2316 1676 2372 ficit
1707 2313 1930 2357 illustrium

400 2413 574 2463 aspectu
597 2402 829 2446 mulierum.
859 2403 913 2445 Ut
933 2419 1028 2463 ergo
1050 2404 1128 2445 has
1154 2402 1272 2456 vidit,
1291 2401 1485 2445 desiliens
1502 2417 1631 2462 equo,
1646 2403 1757 2443 inter
1779 2414 1931 2442 manus

401 2504 550 2530 earum
570 2499 773 2547 exceptus
795 2498 873 2540 est,
901 2498 941 2530 et
962 2487 1022 2530 acl
1043 2490 1212 2530 comites
1234 2502 1371 2530 versus
1390 2488 1470 2529 ait:
1498 2485 1650 2528 similes
1666 2501 1720 2527 ne
1742 2499 1932 2544 unquam
1953 2491 1956 2495 '

403 2571 465 2614 his
481 2573 706 2627 faeminas
738 2571 928 2615 vidistis?
954 2570 1044 2630 Ego
1073 2571 1226 2614 dubius
1253 2587 1346 2614 sum
1370 2586 1428 2612 an
1453 2571 1583 2617 facies
1605 2569 1818 2610 humanae
1847 2570 1931 2610 sint

401 2673 460 2698 an
482 2656 659 2716 angelici
679 2657 831 2711 vultus,
845 2667 941 2699 sunt
963 2657 1161 2700 caelestes
1180 2667 1303 2700 certe.
1329 2654 1441 2698 Illae
1463 2654 1605 2698 oeulos
1622 2654 1738 2696 humi
1752 2652 1933 2713 cleijcen-

403 2751 481 2794 tes,
512 2752 556 2783 ut
595 2741 909 2786 verecundiores
937 2739 1062 2796 fiunt,
1093 2743 1151 2785 sic
1180 2739 1445 2801 pulchriores
1485 2738 1730 2784 redduntur.
1771 2737 1930 2797 Sparso
